3312 5060
604 443 647 488 aa
673 440 796 488 satura
820 441 930 488 tanen
1221 423 1282 490 123

248 564 454 577 ...—..——-

252 699 317 738 rea
336 679 448 738 referre
471 697 518 736 me
536 676 778 753 proclamaretis.
799 678 904 752 ltaque
923 695 959 736 ea
982 677 1048 737 vice
1065 679 1209 738 conticui.
1226 679 1286 738 De·

253 802 265 834 r
281 779 394 836 fluente
406 779 509 852 itaque
524 789 660 852 tempore
673 794 767 850 quum
779 776 860 851 apud
874 777 1000 835 Portum
1011 779 1107 836 sancti
1122 779 1286 850 Simeonis,

251 879 409 935 «sabbato
426 877 457 933 in
481 874 594 932 Palmis
607 877 626 945 ¹,
642 892 741 932 essem
763 886 854 949 atque
876 893 946 932 cum
966 876 1092 933 domino
1119 895 1187 934 tneo
1209 877 1287 934 Wil-

252 975 372 1033 alelmo
389 973 481 1043 Petri,
495 972 573 1030 infra
596 972 774 1044 tentorium,
786 990 848 1030 una
872 975 1060 1044 recubarem,
1081 975 1167 1034 alluit
1181 977 1287 1033 beatus

253 1074 417 1130 «Andreas
435 1090 504 1129 cum
519 1071 616 1141 socio,
631 1084 660 1128 et
681 1071 787 1129 habitu
808 1072 928 1141 eodem,
955 1089 1016 1146 quo
1042 1073 1126 1147 prius
1153 1086 1286 1145 venerat,

254 1185 373 1248 ratque
394 1170 468 1228 mihi
493 1169 536 1227 sic
560 1169 679 1227 locutus
699 1183 744 1228 est
765 1187 772 1225 :
797 1191 810 1224 r
836 1171 898 1227 Cur
921 1188 984 1228 non
1008 1171 1111 1230 dixisti
1131 1173 1235 1231 comiti
1258 1186 1287 1232 et

254 1295 266 1324 r
283 1253 438 1347 episcopo,
454 1284 484 1329 et
499 1270 566 1328 aliis
582 1289 650 1345 quae
665 1287 720 1346 ego
736 1287 940 1345 praeceperam
955 1271 1052 1329 tibiis
1068 1275 1106 1331 Et
1119 1273 1262 1347 respondi
1278 1291 1285 1329 :

253 1370 411 1427 «Domine
431 1386 532 1427 nonne
549 1387 605 1444 ego
629 1380 769 1444 precatus
791 1387 857 1426 sum
871 1381 900 1427 te
914 1383 948 1428 ut
963 1370 1054 1428 alium
1076 1390 1132 1446 pro
1151 1389 1198 1428 mc
1218 1371 1286 1431 mit·

252 1491 264 1522 r
281 1482 371 1541 teres,
388 1469 439 1544 qui
455 1482 484 1526 et
499 1467 666 1543 sapientior
680 1479 770 1539 esset,
787 1480 816 1525 et
834 1486 924 1543 quem
944 1469 1048 1526 audire
1068 1470 1187 1528 vellent.
1204 1471 1285 1528 Pra-

251 1591 264 1621 a
279 1581 361 1626 terea
373 1568 465 1626 Turci
481 1567 595 1625 suntin
610 1567 729 1637 itinere,
745 1567 797 1641 qui
813 1565 968 1624 venientes
984 1580 1013 1624 et
1032 1568 1178 1626 abeuntes
1195 1567 1287 1626 inter-

252 1689 265 1719 r
281 1665 398 1724 ficiunt.
415 1687 427 1718 r
444 1667 481 1724 Et
496 1665 537 1723 ait
558 1677 680 1722 sanctus
694 1666 832 1723 Andreas
849 1683 855 1723 :
876 1687 889 1718 a
906 1664 977 1722 Noli
993 1665 1109 1738 timere,
1126 1665 1196 1739 quia
1212 1665 1287 1722 nihil

251 1787 263 1818 o
280 1764 335 1821 tibi
351 1764 505 1821 nocebunt
522 1783 528 1822 :
545 1765 610 1822 hacc
625 1782 748 1839 quoque
767 1765 850 1823 dices
868 1766 982 1836 comiti,
999 1784 1091 1840 quum
1110 1764 1226 1824 venerit
1250 1765 1288 1822 ad

251 1862 443 1920 «Jordanem
468 1861 604 1932 fluvium,
621 1879 683 1918 non
698 1861 887 1936 intinguatur
909 1861 963 1930 ibi,
985 1863 1038 1920 sed
1057 1862 1179 1938 navigio
1204 1876 1287 1920 tran-

253 1979 265 2009 ιι
282 1969 345 2014 seat
360 1973 366 2012 :
382 1974 476 2030 quum
491 1969 591 2014 autem
607 1957 771 2028 transierit,
787 1957 912 2015 camisia
927 1970 956 2015 et
975 1959 1075 2034 bragis
1093 1959 1182 2019 lineis
1198 1961 1287 2018 indu-

253 2077 264 2108 a
282 2069 339 2126 tus,
354 2055 391 2112 de
406 2053 531 2112 flumine
547 2066 732 2128 aspergatur.
746 2055 784 2110 Et
796 2067 958 2128 postquam
970 2056 1082 2114 siccata
1096 2057 1208 2116 luerint
1223 2060 1288 2134 ejus

253 2175 264 2206 r
281 2152 469 2223 vestimenta,
485 2165 612 2227 reponat
627 2169 673 2223 ea,
685 2165 714 2210 et
735 2165 893 2210 conservet
907 2171 976 2210 cum
993 2156 1112 2213 Lancea
1128 2155 1285 2213 Domini.»

254 2273 266 2304 r
284 2253 321 2308 Et
345 2251 411 2307 haec
435 2249 577 2307 dominus
602 2267 687 2306 meus
702 2248 874 2306 Wlllelmus
892 2249 973 2306 Petri
997 2251 1122 2322 audivit,
1140 2252 1211 2310 licet
1226 2271 1288 2310 non

253 2348 397 2406 «videret
412 2348 593 2424 apostolum.
610 2345 804 2404 Consortatus
829 2347 920 2422 igitur
941 2349 979 2404 ad
1002 2349 1167 2408 exercitum
1188 2368 1287 2408 rever-

254 2468 266 2499 r
283 2464 333 2504 sus
349 2464 426 2502 sum.
443 2446 606 2520 Quumque
621 2445 708 2504 vobis
722 2445 786 2503 baec
800 2447 912 2520 pariter
927 2447 1026 2505 dicere
1040 2449 1159 2520 vellem,
1175 2450 1287 2506 coadu-

252 2562 353 2601 rnarc
368 2560 423 2599 vos
450 2559 511 2598 non
530 2541 628 2616 potui.
651 2543 756 2616 ltaque
781 2542 935 2616 proiectus
959 2561 1025 2600 sum
1047 2545 1084 2601 ad
1105 2556 1226 2618 portum
1250 2545 1287 2602 de

251 2663 263 2694 r
281 2639 448 2698 Mamistra.
463 2639 508 2696 lbi
520 2657 603 2710 vero,
619 2657 712 2714 quum
728 2639 867 2714 navigare
881 2640 912 2697 in
925 2641 1069 2716 Cyprium
1080 2641 1221 2712 insulam,
1232 2658 1288 2716 pro

249 2739 459 2799 «victualibus
480 2739 600 2810 vellem,
625 2740 829 2798 comminatus
849 2753 894 2798 est
919 2739 993 2796 mihi
1016 2739 1144 2796 multum
1167 2753 1287 2798 sanctus

251 2841 427 2910 «Andreas,
452 2837 509 2896 nisi
525 2837 586 2896 cito
613 2850 793 2896 reverterem
817 2852 846 2896 et
871 2838 958 2896 vobis
983 2838 1117 2912 injuncta
1133 2837 1285 2895 referrem.

251 2939 443 3010 «Quumque
466 2936 630 3012 cogitarem
651 2954 780 3007 mecum,
800 2937 955 3011 quomodo
971 2949 1151 2994 reverterem
1164 2937 1202 2994 ad
1221 2953 1287 2994 cas-

253 3057 266 3088 «
282 3049 329 3092 tra
339 3035 454 3108 (aberat
467 3034 547 3092 enirn
561 3049 668 3110 portus
680 3034 730 3092 ille
746 3035 783 3092 ab
799 3035 932 3093 exercitu
948 3035 1034 3109 quasi
1054 3053 1108 3109 per
1124 3049 1185 3092 tres
1200 3034 1287 3106 diesi,

254 3132 470 3190 «amarissime
484 3132 556 3190 llere
576 3133 665 3207 coepi,
685 3151 779 3208 quum
796 3133 944 3191 redeundi
963 3133 1137 3190 facultatem
1156 3131 1288 3206 reperire

254 3255 266 3284 r
283 3249 345 3288 non
359 3248 491 3305 possem.
507 3230 645 3288 Tandem
658 3248 675 3287 a
690 3231 781 3289 sociis
796 3244 826 3289 et
846 3231 971 3288 domino
987 3248 1054 3287 meo
1070 3229 1286 3302 communitus,

254 3327 437 3402 «navigium
466 3327 620 3403 ingressus
652 3327 684 3385 in
719 3329 853 3404 Cyprum
882 3328 1028 3402 remigare
1062 3329 1221 3403 coepimus.
1250 3329 1288 3385 Et

253 3449 266 3480 a
282 3445 375 3502 quum
390 3443 444 3501 per
468 3438 564 3483 totam
583 3425 663 3484 diem
685 3426 775 3484 remis
790 3439 819 3484 et
834 3425 988 3501 prosperis
1007 3425 1104 3482 ventis
1120 3443 1287 3500 ageremur,

252 3523 432 3600 «usquead
455 3523 529 3580 solis
548 3541 701 3594 occasum,
717 3535 784 3581 orta
804 3523 906 3580 subito
926 3535 1115 3596 tempestate,
1133 3523 1164 3579 in
1189 3523 1288 3598 spatio

252 3645 265 3677 a
281 3623 373 3680 unius
388 3621 470 3678 horae
485 3621 532 3678 vel
547 3621 674 3678 duarum
690 3623 728 3680 ad
748 3621 887 3680 relictum
902 3633 1024 3696 portum
1044 3621 1155 3678 reversi
1171 3639 1286 3679 sumus.

252 3743 264 3774 ι
283 3721 332 3779 Sic
343 3739 401 3796 que
416 3722 551 3779 secundo
566 3735 596 3780 ct
606 3721 696 3780 tertio
712 3741 728 3780 a
744 3722 873 3780 transitu
886 3721 1043 3796 prohibiti,
1059 3721 1090 3777 in
1103 3720 1234 3779 insulam
1250 3723 1288 3778 ad

253 3843 266 3874 a
284 3821 409 3878 Portum
425 3821 521 3880 sancti
535 3821 688 3880 Simeonis
703 3801 815 3879 reversi
831 3839 945 3878 sumus.
967 3820 1013 3877 lbi
1031 3820 1207 3894 languorem
1223 3837 1287 3894 gra-

253 3919 440 3976 «vissimum
463 3920 590 3980 incurri.
615 3921 710 3994 Capta
735 3932 835 3977 autem
860 3918 990 3991 civitate,
1016 3919 1053 3975 ad
1074 3937 1129 3975 vos
1148 3917 1226 3976 veni.
1251 3921 1287 3975 Et

252 4037 374 4090 «nunc,
399 4019 424 4076 si
448 4019 535 4077 vobis
563 4020 662 4095 placat
684 4017 862 4093 experimini
891 4036 959 4092 quae
981 4018 1088 4076 dico.»
1117 4017 1287 4091 Episcopus

289 4239 310 4272 r.
327 4237 360 4274 20
372 4239 447 4274 mars
464 4224 538 4292 1098.
