3312 5060
377 501 441 568 104
555 501 663 549 noras
687 501 730 549 nr
752 489 880 550 nrnnns
903 489 1206 563 ancnaonootouns

401 615 1394 640 -——--—————-·——-———-—-.-.s.-

370 757 439 796 rum
455 737 610 812 preconia,
627 750 782 795 auctorem
795 738 873 796 tanti
896 739 1030 798 muneris
1048 740 1206 816 magnifice
1226 741 1397 801 honoravit.

373 837 454 907 Quid
474 837 583 910 plura?
600 837 680 907 Quia
692 855 765 894 vero
783 837 858 896 mira
873 853 918 898 est
931 839 1055 898 humani
1074 839 1174 898 cordis
1193 839 1314 899 affectio
1328 857 1399 916 erga

371 935 448 990 illud
462 935 545 1008 quod
559 934 682 1008 appetit,
697 949 726 994 et
741 938 824 1010 quod
837 937 931 1012 magis
945 939 1045 1013 placet
1060 955 1091 996 se
1104 937 1213 996 mentis
1226 937 1322 994 oculis
1339 937 1398 996 fre-

372 1035 514 1109 quentius
526 1033 692 1108 anteponit,
707 1035 767 1107 jam
785 1035 919 1110 prefatus
939 1054 991 1093 rex
1009 1037 1045 1094 de
1061 1038 1184 1093 Corona
1197 1036 1337 1094 habende
1351 1037 1398 1094 in-

371 1145 525 1190 cessanter
542 1146 675 1203 estuans,
688 1131 725 1188 de
746 1132 901 1190 mittendis
915 1151 970 1208 pro
988 1151 1023 1190 ea
1044 1133 1182 1191 celeriter
1194 1133 1313 1191 nunciis
1337 1135 1398 1192 sol·

372 1227 452 1287 licite
476 1242 605 1286 tractare
629 1227 745 1304 incipit,
769 1243 800 1286 et
822 1230 977 1288 dilationis
996 1230 1171 1306 impaciens,
1194 1233 1272 1289 duos
1293 1231 1399 1290 fratres

373 1325 488 1383 ordinis
503 1325 741 1395 predicatorum,
763 1325 920 1398 discretos,
936 1328 1079 1403 providos
1093 1341 1122 1386 et
1134 1328 1290 1402 honestos,
1310 1347 1400 1403 super

372 1423 488 1499 prelato
499 1422 627 1498 negocio
642 1421 826 1482 sufficienter
844 1425 1019 1498 instructos,
1033 1439 1063 1484 et
1073 1426 1171 1500 ipsius
1187 1425 1266 1502 regis
1285 1425 1400 1484 littera-

373 1541 450 1595 rum,
463 1536 497 1580 ut
511 1524 679 1597 oportebat,
697 1522 866 1596 patrocinio
886 1524 1100 1598 communitos,
1120 1525 1159 1581 ad
1182 1524 1399 1583 Constantino-

372 1619 522 1696 politanas
537 1633 647 1694 partes,
662 1621 819 1680 associatis
839 1622 896 1679 sibi
910 1622 1091 1696 quibusdam
1111 1623 1189 1693 aliis,
1205 1623 1323 1681 mittere
1338 1641 1400 1680 non

372 1717 537 1794 postponit.
554 1717 614 1789 Qui
628 1718 851 1778 concomitante
867 1720 998 1777 Domino
1027 1720 1085 1778 iter
1110 1739 1199 1778 suum
1217 1739 1286 1778 cum
1301 1721 1399 1778 Cons-

372 1816 586 1890 tantinopolim
614 1797 845 1891 pervenissent,¹
861 1818 1036 1876 convocatis
1060 1819 1112 1892 qui
1140 1819 1259 1878 fuerant
1285 1835 1400 1876 convo-

373 1914 473 1986 candi,
488 1913 649 1988 negocium
664 1932 719 1988 pro
743 1933 804 1988 quo
827 1915 943 1974 iverant
960 1929 1186 1991 proposuerunt
1204 1916 1234 1972 in
1254 1915 1398 1988 medium,

371 2014 493 2089 plenam
508 2014 545 2071 de
560 2013 703 2071 omnibus
717 2012 808 2070 fidem
821 2013 1003 2071 facientibus
1018 2013 1221 2088 predictarum
1235 2012 1399 2070 auctorita-

372 2112 455 2170 tibus
478 2110 656 2169 litterarum.
683 2111 783 2170 Lectis
806 2111 897 2186 igitur
920 2130 1024 2169 eorum
1042 2111 1158 2188 litteris
1182 2124 1212 2168 et
1233 2112 1400 2168 secundum

373 2210 446 2286 juris
462 2209 599 2267 ordinem
610 2208 796 2282 approbatis,
805 2209 1054 2283 gloriosissimam
1068 2207 1190 2265 Domini
1206 2208 1401 2266 Coronam'a

297 2329 307 2342 ·
373 2307 575 2368 creditoribus
594 2306 646 2381 qni
667 2323 733 2364 eam
750 2305 887 2381 pignoris
906 2307 1029 2364 nomine
1044 2305 1229 2374 detinebant,
1246 2305 1304 2362 sibi
1323 2304 1401 2363 tradi

372 2405 589 2466 instantissime
605 2405 766 2480 petierunt.
790 2407 889 2475 Quam
911 2419 939 2462 et
959 2405 1027 2476 sibi,
1047 2405 1118 2463 licet
1139 2403 1280 2461 nimirum
1304 2403 1399 2476 inviti,

373 2503 537 2579 propositis
558 2503 642 2578 prius
657 2503 727 2560 hinc
747 2503 816 2560 inde
833 2503 1077 2578 allegationibus
1092 2503 1215 2562 tandem
1229 2501 1328 2559 refusa
1343 2503 1401 2560 sibi

373 2602 512 2679 pecunia,
525 2598 750 2676 postulantibus
769 2599 968 2656 tradiderunt.
983 2599 1093 2672 Sitque
1112 2609 1321 2656 consummato
1334 2597 1401 2656 leli-

374 2700 448 2758 citer
467 2698 605 2774 negoci0,
628 2696 734 2754 fideles
756 2695 859 2753 nuncii
877 2714 947 2753 curn
970 2695 1081 2771 gaudio
1101 2695 1132 2753 in
1154 2695 1312 2753 Franciam
1332 2711 1403 2755 sunt

375 2797 495 2870 reversi,
512 2797 681 2855 deferentes
696 2814 798 2854 secum
815 2796 1068 2871 gloriosissimum
1082 2797 1231 2870 dyadema
1246 2794 1330 2869 quod
1345 2794 1401 2852 mi·

373 2897 441 2955 lites
455 2897 493 2953 de
508 2893 603 2969 spinis
621 2894 787 2968 plectentes
807 2893 997 2950 sanctissimo
1022 2893 1180 2951 salvatoris
1195 2893 1404 2968 imposuerunt

373 2994 475 3069 capiti.
493 2995 687 3051 Presentatur
707 2992 768 3067 regi
784 2993 867 3066 quod
885 3004 1001 3050 tantum
1022 2992 1228 3066 concupierat,
1244 2991 1327 3064 quod
1342 3003 1403 3048 tam

374 3093 513 3149 ardenter
525 3103 650 3162 amarat,
670 3091 753 3165 quod
771 3107 839 3146 cum
854 3101 938 3146 tanto
952 3087 1103 3145 desiderio
1119 3089 1304 3163 expectabat.
1321 3089 1402 3145 Gau·

373 3189 424 3246 det
439 3187 489 3246 ille
503 3187 643 3264 princeps
662 3187 850 3256 mitissimus,
867 3200 897 3244 et
914 3185 1052 3260 exemplo
1072 3203 1127 3242 suo
1148 3185 1255 3244 invitat
1273 3186 1350 3244 alios
1365 3188 1403 3244 ad

373 3287 577 3363 gaudendum,
591 3299 680 3360 atque
704 3285 735 3342 in
759 3303 919 3342 occursum
944 3282 1167 3358 preciosissime
1193 3285 1354 3359 margarite
1372 3285 1402 3342 in

331 3391 334 3398 '
373 3399 483 3444 terram
498 3383 658 3464 procidens
673 3397 702 3442 et
714 3383 856 3454 adorans,
868 3397 927 3438 non
939 3379 1091 3436 modicum
1106 3379 1212 3453 prebet
1222 3379 1402 3439 humilitatis

373 3483 555 3558 exemplum.

410 3583 489 3653 Quia
518 3600 590 3642 vero
614 3598 703 3638 omne
728 3581 841 3637 bonum
865 3577 895 3634 in
919 3595 1079 3634 commune
1105 3578 1270 3636 deductum
1292 3577 1404 3635 clarius

374 3679 526 3752 elucessit,
542 3679 648 3736 volens
667 3678 748 3735 idem
771 3695 823 3733 rex
840 3687 869 3732 et
884 3675 1077 3732 devotionem
1095 3675 1200 3748 populi
1215 3673 1360 3749 ampliare
1375 3685 1404 3730 et

376 3779 431 3836 Dei
452 3777 595 3853 preconia
615 3773 857 3851 magnificentius
877 3773 1023 3845 attollere,
1039 3773 1118 3830 diem
1140 3773 1272 3848 assignat
1294 3772 1325 3828 in
1346 3789 1406 3845 qua

375 3880 455 3938 dicta
474 3895 588 3936 corona
605 3875 740 3935 Parisius
759 3875 942 3948 deportetur,
959 3885 1048 3947 atque
1069 3873 1101 3930 in
1120 3873 1189 3929 loco
1211 3867 1355 3929 eminenti
1378 3881 1407 3926 et

376 3976 495 4034 excelso
508 3975 625 4033 cunctis
635 3973 687 4049 qui
702 3974 829 4030 aderunt
842 3971 1027 4029 ostendatur.
1042 3968 1301 4027 Convenientibus
1316 3965 1406 4040 igitur

376 4073 414 4130 ad
428 4071 574 4147 prefatam
586 4069 667 4128 diem
680 4069 717 4127 de
731 4068 872 4126 omnibus
888 4067 970 4140 regni
985 4065 1122 4142 partibus
1132 4063 1404 4123 innumerabilibus

416 4293 437 4328 r.
453 4275 512 4327 Fol.
530 4289 576 4343 ¹7²
592 4285 629 4337 νῦ,
642 4276 694 4326 col.
709 4289 733 4326 a.
