3312 5060
579 407 622 452 La
647 406 767 453 SAlNTE
790 405 901 452 LthE
1191 408 1255 476 109

228 661 298 702 cum
310 642 368 699 hoc
381 639 511 714 quedam
523 657 596 697 crux
606 638 779 712 mediocris,
788 639 912 696 sednon
921 639 1038 697 modice
1050 639 1182 714 virtutis,
1196 657 1254 714 que

228 753 351 816 propter
370 759 476 800 causas
495 741 620 800 inferius
641 755 799 800 annotatas
818 741 929 800 dicitur
949 741 1151 818 triumphalis.
1178 743 1256 799 Cum

152 883 155 888 Α
228 838 310 896 enim
337 839 410 896 olim
435 839 659 898 invectissimus
687 851 716 898 et
741 839 806 898 Deo
835 839 1063 914 acceptissimus
1092 840 1256 916 imperator

229 937 447 995 Constantinus
461 955 493 995 se
508 937 640 1011 quadarn
651 936 716 995 vice
732 938 770 995 ad
784 937 975 1012 preliandum
989 951 1096 997 contra
1114 939 1255 996 incredu-

228 1034 275 1092 los
299 1048 484 1110 prepararet,
506 1049 535 1094 et
562 1037 600 1093 de
626 1053 788 1111 progressu
817 1054 872 1093 suo
899 1036 1047 1095 sollicitus
1070 1053 1253 1112 procuraret,

228 1133 332 1191 datum
346 1146 392 1190 est
404 1133 431 1190 ei
446 1151 463 1190 a
479 1132 610 1190 Domino
630 1147 746 1191 certum
761 1145 790 1190 et
805 1133 929 1192 omnino
951 1133 1109 1192 infallibile
1129 1135 1255 1193 victorie

230 1247 264 1287 ac
278 1229 378 1287 future
394 1229 499 1287 salutis
514 1229 672 1302 indicium,
688 1231 759 1306 quia
776 1231 1021 1290 manifestissime
1039 1244 1196 1290 ostensum
1211 1246 1256 1291 est

230 1327 257 1384 ei
272 1327 303 1384 in
318 1327 384 1385 celo
396 1327 644 1386 victoriosissime
658 1328 757 1386 crucis
772 1329 901 1404 signum,
918 1341 946 1386 et
960 1328 1061 1386 statim
1075 1347 1134 1386 vox
1149 1329 1256 1387 celitus

228 1423 354 1482 emissa¹
365 1427 528 1484 subsecuta
542 1439 588 1484 est
601 1426 705 1484 dicens
715 1445 722 1484 ε
732 1449 745 1480 e
757 1428 791 1486 ln
802 1427 858 1484 hoc
871 1427 957 1502 signo
968 1426 1157 1486 vincestAd
1170 1428 1256 1500 cujus

229 1521 272 1580 rei
287 1524 493 1582 ostensionem
506 1538 535 1582 et
545 1524 685 1600 stupendi
700 1525 815 1582 oraculi
826 1524 1107 1584 visionemeffectus
1122 1525 1257 1600 hylarior

228 1620 315 1678 miles
326 1621 450 1689 Christi,
462 1622 595 1680 hostium
606 1639 720 1680 cuneos
731 1639 856 1679 secutus
867 1621 1050 1696 aggreditur,
1062 1640 1097 1680 ac
1107 1622 1256 1697 superatis

228 1721 273 1778 eis
286 1721 381 1778 victor
397 1721 428 1777 in
439 1738 512 1795 pace
528 1719 695 1780 revertitur.
710 1721 798 1778 Unde
813 1718 983 1778 factumest
997 1733 1040 1791 ut,
1056 1738 1125 1778 cunt
1141 1719 1257 1780 multo²

228 1833 297 1894 post
319 1817 509 1876 sanctissima
528 1829 624 1876 mater
637 1818 702 1892 ejus
719 1817 836 1876 Helena
856 1818 894 1874 ad
909 1817 1082 1876 habendum
1104 1819 1256 1878 dominice

228 1915 328 1974 crucis
351 1915 493 1974 vexillum
515 1915 660 1972 hanelans
680 1914 909 1972 lherosolimam
924 1929 1072 1990 pergeret,
1092 1931 1122 1975 et
1143 1917 1175 1975 in
1199 1918 1257 1976 hoc
1353 1915 1354 1918 ’

228 2031 424 2090 perseverans
450 2012 607 2088 proposito
633 2011 735 2070 divina
763 2029 830 2069 earn
860 2012 1043 2070 revelatione
1064 2014 1256 2090 repperisset,

229 2112 261 2170 in
275 2113 392 2188 signum
409 2126 438 2170 et
452 2112 629 2170 memoriam
640 2111 720 2169 dicte
732 2111 742 2143 ³
754 2110 879 2168 visionis
893 2125 922 2169 et
936 2129 1078 2170 concesse
1090 2130 1107 2169 a
1119 2113 1183 2171 Deo
1194 2113 1257 2170 vic-

229 2209 317 2282 torie,
337 2211 374 2268 de
397 2211 467 2268 loco
487 2210 536 2268 cui
560 2209 742 2268 sanctissimi
757 2209 767 2243 ⁴
785 2208 903 2267 humeri
925 2210 1090 2268 Salvatoris
1114 2211 1145 2268 in
1168 2230 1257 2270 cruce

228 2309 389 2383 pendentis
417 2309 556 2384 impressi
585 2321 654 2365 sunt
676 2325 749 2364 crux
773 2307 910 2381 predicta
933 2306 1028 2378 fieret,
1048 2326 1139 2382 quam
1160 2308 1257 2368 indito

229 2406 389 2478 vocabulo,
409 2405 496 2480 quasi
518 2423 572 2480 per
594 2406 746 2480 quandam
762 2404 1026 2462 anthonomasiam
1044 2405 1257 2480 triumphalem

229 2517 319 2578 atque
332 2503 486 2562 victricem
498 2517 692 2575 vocaverunt,
704 2519 739 2560 ac
754 2501 896 2576 deinceps
910 2503 1110 2578 procedentes
1126 2504 1164 2560 ad
1179 2503 1257 2561 bella

229 2602 427 2677 imperatores
451 2619 519 2660 earn
542 2601 736 2660 successione
758 2615 905 2676 perpetua
929 2603 984 2658 sub
1014 2618 1067 2675 spe
1092 2599 1258 2675 optinende

229 2701 353 2759 victorie
365 2718 468 2758 secum
480 2699 557 2758 ferre
569 2713 802 2758 consueverunt.
815 2700 888 2758 Erat
900 2711 1037 2774 preterea
1046 2698 1077 2756 in
1092 2698 1173 2756 dicta
1183 2701 1257 2756 urbe

229 2797 567 2872 Constantinopolitana
590 2797 755 2874 imperialis
781 2797 833 2854 illa
858 2797 972 2870 trabea,
1001 2796 1092 2855 vestis
1117 2795 1258 2854 videlicet

229 2897 382 2969 coccinea,
398 2915 467 2970 qua,
483 2897 565 2970 juxta
582 2896 763 2971 ewangelice
778 2895 912 2955 veritatis
927 2895 1047 2968 seriem,
1063 2894 1174 2954 milites
1189 2894 1258 2952 illu-

228 2995 333 3053 dentes
348 2993 512 3052 induerunt
532 2993 704 3064 Dominum,
727 2994 945 3067 exprobrantes
964 2992 992 3050 ei
1007 2993 1092 3067 quod
1110 3011 1142 3050 se
1157 3011 1258 3068 regem

227 3092 339 3151 laceret
352 3093 529 3165 ludeorum‚
546 3093 597 3167 qui
613 3092 823 3150 universorum
842 3091 974 3149 habebat
996 3090 1167 3166 imperium.
1186 3092 1258 3149 Erat

228 3205 258 3248 et
272 3192 388 3249 arundo
402 3191 541 3266 preciosa
555 3208 646 3264 quarn
661 3189 692 3246 in
707 3190 771 3263 ejus
786 3202 953 3263 posuerunt
976 3189 1081 3246 dextra
1095 3189 1126 3247 in
1149 3189 1257 3265 sceptri

228 3289 467 3360 similitudinem,
496 3307 550 3363 per
574 3288 632 3346 hoc
658 3286 877 3360 vilipendentes
903 3286 968 3360 ejus
990 3287 1174 3358 potenciam,
1206 3287 1258 3361 qui

227 3387 358 3444 habebat
373 3385 509 3443 omnium
524 3385 740 3443 monarchiam.
757 3386 828 3442 Erat
844 3385 924 3442 etde
940 3383 1066 3456 spongia
1079 3401 1138 3456 que
1154 3383 1258 3440 Salva-

226 3483 285 3541 tori
299 3484 330 3540 in
343 3501 431 3541 cruce
443 3484 570 3542 salutern
584 3497 718 3541 nostram
729 3481 843 3540 sitienti
857 3481 912 3538 luit
923 3494 1074 3556 porrecta,
1084 3499 1145 3538 non
1161 3481 1257 3554 optati

225 3595 316 3656 potus
343 3583 537 3640 relectionem
558 3582 722 3657 preferens,
746 3583 799 3640 sed
824 3581 901 3640 aceti
923 3599 984 3654 quo
1008 3579 1134 3638 intincta
1160 3577 1258 3635 luerat

226 3679 399 3737 acredinem
412 3693 632 3755 representans.
654 3681 726 3736 Erat
742 3693 771 3736 et
784 3697 853 3752 pars
868 3677 999 3752 quedam
1014 3676 1128 3734 sudarii
1150 3693 1210 3750 quo
1225 3675 1257 3732 in

226 3777 365 3852 sepulcro
380 3778 514 3852 positum
526 3795 636 3852 corpus
652 3777 764 3834 Christi
781 3775 961 3833 obvolutum
976 3774 1040 3832 luit.
1057 3777 1130 3831 Erat
1145 3787 1174 3830 et
1187 3791 1256 3847 pre·

226 3874 343 3932 ciosum
364 3874 513 3932 lintheum
537 3892 597 3948 quo
620 3874 789 3948 precinctus
813 3871 844 3930 in
867 3890 941 3930 cena
957 3871 1116 3940 Dominus,
1132 3883 1256 3944 peracto

262 4104 281 4140 t.
295 4089 384 4153 Prius,
397 4105 410 4138 tt
423 4087 508 4140 missa
523 4107 545 4138 a.
812 4085 836 4138 3.
853 4085 1005 4136 Dominictc
1025 4085 1223 4149 [Charlcville].

258 4193 282 4229 2.
298 4180 355 4229 Fol.
371 4177 535 4244 174r0‚c01.
552 4191 576 4226 a.
812 4191 838 4239 4.
856 4174 1041 4226 sacratissimi
1053 4173 1253 4238 [Charlcville].
