3312 5060
641 435 683 480 LA
708 431 830 478 SAINTE
854 430 964 476 LANCE

787 803 818 858 31

374 985 455 1063 Brej
472 944 641 1040 d’Irmoeent
657 964 702 1038 ‘Vl
715 998 794 1056 pour
813 981 841 1036 la
849 978 915 1058 sete
936 979 971 1036 de
982 978 1012 1034 Ia
1028 979 1124 1035 sainte
1136 978 1236 1035 Lance

288 1080 494 1160 d’AIIemagne
507 1091 536 1137 et
546 1097 625 1156 pour
637 1075 740 1154 l'office
757 1075 900 1134 demunde'
914 1093 975 1152 per
991 1074 1118 1132 Charias
1139 1075 1190 1132 IV
1201 1074 1323 1148 (1353l.

324 1252 521 1310 Innocentius
536 1250 698 1326 episcopus
713 1233 822 1306 Servus
839 1249 1003 1306 Servorum
1018 1249 1084 1322 Dei,
1100 1253 1326 1310 venerabilibus

286 1348 430 1408 fratribus
453 1347 604 1405 uniuersis
629 1345 876 1422 ArchiepIscopis
896 1357 926 1402 et
950 1346 1110 1421 Episcopis
1134 1365 1188 1423 per
1207 1349 1326 1407 Alama-

287 1447 369 1506 niam
394 1459 423 1504 et
439 1446 618 1504 BohemIam
630 1443 814 1516 constitutis,
830 1443 958 1502 salutem
973 1457 1002 1501 et
1017 1445 1216 1520 apostolicam
1234 1449 1326 1506 bene-

287 1546 461 1604 dictionem.
484 1547 518 1601 In
545 1542 758 1619 Redemptoris
778 1542 874 1600 nostri
901 1542 1025 1600 Domini
1049 1544 1116 1600 lesu
1142 1545 1255 1602 Christi
1273 1563 1327 1618 per

286 1661 376 1718 quem
393 1643 497 1701 salvati
518 1656 547 1701 et
563 1642 683 1700 liberati
699 1659 814 1712 sumus,
829 1641 1035 1698 sacratissima
1050 1643 1190 1717 passione
1208 1644 1250 1708 sic
1270 1663 1327 1702 nos

285 1741 409 1817 gloriari
430 1755 560 1816 oportet,
586 1755 619 1798 ut
638 1740 734 1814 ipsius
757 1738 909 1813 passionis
937 1752 1046 1796 cuncta
1071 1741 1213 1815 mysteria
1237 1741 1327 1800 diuu-
1384 1811 1386 1816 Ι

287 1853 438 1899 merentes
453 1853 483 1898 et
502 1821 666 1912 imitantes,
682 1841 713 1896 in
733 1839 861 1914 singulis
882 1839 972 1896 etiam
991 1839 1055 1913 ejus
1077 1839 1261 1897 salutaribus
1281 1840 1328 1896 in-

287 1939 462 1999 strumentis
478 1952 507 1996 et
520 1938 669 1996 fructibus
687 1936 862 2011 gloriemur.
881 1938 964 1994 Inter
983 1955 1051 2009 quae
1074 1936 1150 1994 illud
1170 1937 1329 1994 celebriter

287 2039 517 2096 memorandum
530 2050 585 2108 est,
602 2035 685 2110 quod
701 2034 764 2108 ipse
777 2035 923 2102 Salvator,
938 2035 1049 2091 emisso
1060 2035 1092 2092 in
1103 2052 1192 2092 cruce
1203 2039 1262 2108 jam
1274 2035 1329 2109 spi-

287 2137 357 2208 ritu,
374 2135 519 2193 sustinuit
533 2133 681 2209 perforari
700 2133 807 2190 lancea
823 2133 902 2190 latus
917 2123 1017 2205 suum',
1033 2147 1067 2192 ut
1086 2135 1157 2192 inde
1173 2134 1329 2208 sanguinis

288 2247 317 2292 et
331 2253 419 2310 aquae
435 2233 660 2309 profluentibus
676 2232 766 2289 undis
779 2231 962 2289 formaretur
976 2233 1067 2289 unica
1082 2246 1111 2290 et
1122 2233 1327 2303 immaculata,

288 2350 322 2390 ac
343 2333 427 2408 virgo
452 2345 556 2389 sancta
580 2343 676 2388 mater
700 2329 838 2386 Ecclesia
862 2345 973 2403 sponsa
1002 2347 1069 2388 sua.
1098 2330 1124 2386 O
1153 2329 1329 2386 beatissima

287 2429 383 2505 ipsius
398 2429 476 2486 sacri
499 2428 603 2486 lateris
623 2439 775 2501 apertura,
791 2425 872 2481 unde
894 2425 983 2481 nobis
1005 2437 1050 2481 tot
1065 2437 1094 2482 et
1113 2437 1196 2482 tanta
1218 2425 1328 2482 dlvinae

287 2527 408 2603 pietatis
423 2528 504 2584 dona
527 2527 688 2596 fluxerunt,
714 2525 785 2581 hinc
809 2523 961 2598 siquidem
983 2535 1095 2580 nostrae
1111 2523 1329 2598 redemptionis

288 2626 428 2702 pretium,
461 2625 533 2683 hinc
565 2623 730 2682 ablutionis
755 2635 784 2680 et
804 2621 1042 2696 regenerationis
1065 2623 1229 2695 lavacrum,
1258 2623 1329 2681 hinc

288 2723 383 2797 ipsius
400 2723 546 2781 Ecclesiae
560 2735 749 2780 sacramenta
765 2721 963 2795 suscepimus.
982 2721 1008 2777 O
1024 2721 1094 2779 felix
1114 2724 1243 2791 Lancea,
1261 2739 1329 2796 quae

289 2835 331 2880 tot
354 2823 435 2878 bona
457 2820 546 2877 nobis
570 2819 688 2877 efficere
713 2833 742 2876 et
765 2819 803 2876 ad
819 2819 895 2876 tanti
916 2819 1061 2894 triumphi
1077 2820 1203 2894 gloriam
1219 2820 1330 2876 meruit

289 2919 469 2993 superaddi3
486 2919 551 2976 haec
569 2920 688 2975 Lancea
705 2919 785 2976 latus
800 2919 900 2992 ipsum
911 2919 1075 2993 aperiendo
1092 2919 1328 2990 sanctissimum,

287 3017 393 3092 januas
419 3017 508 3074 nobis
533 3017 617 3092 regni
639 3017 774 3074 coelestis
802 3019 934 3091 aperuit3
962 3017 1028 3074 haec
1056 3017 1244 3075 vulnerando
1270 3017 1330 3091 jam

289 3129 453 3188 mortuum,
469 3115 595 3173 vulnera
610 3129 714 3172 nostra
730 3115 857 3185 sanavit,
872 3116 1027 3190 vitamque
1049 3117 1139 3174 nobis
1155 3115 1331 3173 reddidit‘et

289 3214 427 3271 salutem.
445 3214 521 3269 Haec
541 3213 699 3270 innoxium
721 3214 940 3288 transfigendo,
952 3214 1034 3270 illius
1059 3214 1205 3288 sanguine
1226 3213 1330 3286 culpas

290 3324 410 3369 nostras
426 3309 577 3382 abstersit,
595 3323 625 3368 et
644 3311 766 3367 demum
781 3311 896 3369 eisdem
918 3312 1008 3369 undis
1029 3311 1242 3369 sacratissimis
1262 3309 1330 3366 irri-

290 3407 382 3482 gavit,
395 3407 540 3465 eaecitatis
561 3421 674 3465 nostrae
689 3410 831 3466 tenebras
847 3410 980 3480 sustulit,
990 3422 1019 3466 et
1041 3427 1097 3465 nos
1111 3409 1205 3483 ipsius
1221 3408 1331 3466 divinae

290 3505 412 3580 pletatis
436 3505 536 3563 fluviis
561 3504 727 3562 inundavit.
754 3506 862 3580 Illique
892 3506 982 3563 etiam
1010 3505 1115 3562 dulces
1139 3506 1239 3572 Clavi,
1263 3521 1332 3561 cum

292 3603 403 3676 quibus
426 3603 492 3678 ipse
520 3603 658 3661 Salvator
682 3602 781 3660 eidem
806 3603 896 3661 Cruci
916 3603 972 3661 fuit
997 3602 1112 3672 affixus,
1134 3603 1246 3677 quique
1271 3619 1333 3659 non

291 3701 392 3758 solum
414 3701 478 3774 ejus
501 3699 696 3758 immaculato
721 3701 854 3776 respergi
879 3701 1036 3776 sanguiue,
1062 3715 1092 3759 et
1117 3701 1229 3758 molem
1256 3699 1333 3757 serre

289 3799 368 3857 tanti
387 3798 531 3873 ponderis
546 3813 731 3870 meruerunt,
744 3801 797 3856 sed
812 3813 840 3857 et
855 3819 912 3857 nos
929 3801 1019 3858 etlam
1035 3819 1088 3875 per
1104 3800 1241 3874 ipsorum
1256 3798 1334 3854 salu-

289 3896 394 3955 tiferas
415 3898 520 3972 plagas
532 3897 726 3954 dulcedinem
741 3910 857 3956 tantem
870 3899 966 3974 ipsius
984 3899 1094 3956 divinae
1118 3895 1272 3954 charitatis
1288 3911 1333 3950 ac·

292 3995 438 4070 cepimus,
450 4008 484 4052 ut
499 4013 606 4052 manus
622 4007 734 4052 nostrae
750 3997 896 4068 apeccati
912 3996 1019 4053 solutae
1032 3994 1171 4065 nexibus,
1181 3992 1334 4068 pedesque

293 4092 390 4148 nostri
405 4110 422 4148 a
438 4092 543 4149 mortis
559 4092 668 4165 laqueo
684 4091 796 4150 fuerint
809 4093 939 4167 liberati,
951 4105 1021 4150 sunt
1036 4091 1232 4150 devotissime
1248 4107 1333 4147 reco-

294 4189 385 4248 lendi,
404 4189 486 4258 Quid
503 4190 583 4246 enim
599 4192 723 4249 vulnere
739 4207 768 4250 et
790 4192 886 4268 plagis
902 4192 1078 4268 hujusmodi
1098 4191 1243 4262 sanctius,
1259 4171 1333 4262 quid
