3286 5086
546 459 590 504 un
613 456 735 505 snrrvra
759 457 941 506 courtorvrvre
1185 436 1248 510 261

218 702 289 764 l’un
303 702 361 762 des
383 697 575 780 reliquaires
587 697 645 780 qui
660 716 701 758 en
716 697 884 760 contenuit
897 717 962 760 une
974 699 1062 762 avait
1078 699 1128 762 ete
1143 701 1254 764 donne

215 826 334 890 parua
350 807 398 868 roi
420 806 460 867 de
477 805 627 886 Hongrie
643 823 650 867 :
667 804 781 866 l’autre
796 804 883 867 avait
899 809 948 868 ἑτέ
963 806 1076 869 offerte
1098 805 1254 890 al'cglise

217 932 291 975 vers
311 913 390 994 1398
405 931 462 994 par
475 910 679 990 Wenceslas,
696 909 880 992 patriarche
896 911 1105 986 d’Antioche,
1117 913 1252 976 chance·

217 1019 277 1080 lier
290 1019 330 1081 de
344 1017 536 1084 Wenceslas
546 1017 605 1095 VI,
618 1015 667 1079 roi
681 1017 720 1078 de
733 1015 891 1078 Boheme.
908 1017 981 1079 Elle
997 1019 1074 1082 etait
1088 1020 1252 1084 enfermee

217 1125 298 1186 dans
314 1143 360 1186 un
375 1124 455 1206 petit
469 1124 591 1197 cristal,
608 1122 705 1185 scelle'
718 1124 761 1184 du
776 1141 872 1184 sceau
884 1123 928 1184 du
944 1123 1146 1205 patriarche;
1162 1129 1253 1190 celle·

215 1233 247 1296 lei
261 1233 370 1296 venait
386 1252 461 1295 sans
486 1232 545 1294 nul
568 1233 668 1294 doute
692 1232 731 1292 de
753 1231 956 1309 Jerusalem
983 1251 1068 1294 nous
1087 1252 1128 1294 cn
1148 1251 1250 1295 avons

214 1339 303 1422 parle
318 1339 393 1422 plus
406 1338 486 1402 haut
498 1338 519 1400 ¹.

256 1524 367 1586 Parmi
397 1524 444 1586 les
475 1521 588 1606 e'pines
620 1521 791 1585 detachees
822 1523 862 1584 de
902 1522 932 1584 la
972 1519 1154 1584 Couronne
1188 1542 1246 1605 par
1272 1545 1380 1593 vrczrcss

213 1633 300 1696 saint
325 1633 437 1711 Louis,
455 1652 540 1696 nous
564 1650 700 1694 verrons
724 1631 800 1712 plus
827 1628 898 1691 loin
919 1629 999 1690 celle
1026 1629 1065 1690 de
1091 1629 1243 1708 Viccnce,
1293 1622 1356 1674 ¹²4³·

213 1741 342 1802 donnee
360 1759 419 1822 par
441 1740 471 1802 lc
491 1740 541 1802 roi
557 1739 596 1802 de
618 1739 753 1816 France‚
770 1757 811 1800 en
832 1738 924 1818 1259,
941 1737 959 1796 ὲ
975 1734 1186 1818 Barthelemy
1204 1738 1245 1800 de

213 1846 394 1928 Bragance.
427 1847 512 1908 Mais
535 1846 567 1908 la
591 1845 669 1907 ville
695 1847 735 1906 de
762 1845 903 1908 Vicence
929 1841 1105 1925 possedon,
1128 1843 1245 1925 depuis

216 1954 308 2032 1243,
338 1953 423 2015 deux
461 1951 573 2033 epines
601 1951 659 2032 qui
698 1950 851 2014 venaient
882 1951 923 2012 de
954 1947 1243 2032 Constantinople.

211 2059 301 2122 Elles
314 2058 434 2121 etaient
448 2059 530 2122 dans
546 2077 611 2120 une
626 2057 733 2130 icone,
748 2058 831 2120 dont
846 2077 891 2119 un
904 2056 1085 2120 manuscrit
1097 2057 1136 2118 de
1150 2057 1244 2139 1376,

209 2165 249 2226 de
270 2165 301 2226 la
317 2163 543 2246 bibliotheque
560 2165 600 2227 de
623 2164 775 2240 Vicence,
793 2163 872 2226 ecrit
893 2183 951 2246 par
973 2163 1002 2224 le
1021 2163 1116 2226 Frere
1134 2162 1174 2224 P.
1195 2161 1244 2240 Z.‚

208 2287 293 2332 nous
318 2289 336 2332 a
360 2273 516 2332 conserve
539 2270 569 2333 la
597 2269 800 2352 description
835 2289 874 2331 en
904 2271 1011 2330 meme
1046 2283 1152 2348 temps
1182 2287 1245 2349 que

212 2375 391 2439 l'histoire:

637 2507 807 2562 DsYcorrr.

240 2652 252 2685 r
268 2633 389 2701 Postea,
405 2641 559 2688 transacto
576 2629 681 2703 aliquo
696 2643 843 2702 ternpore,
862 2629 967 2686 volens
988 2630 1070 2687 Deus
1090 2631 1142 2704 qui
1158 2631 1241 2690 solus

202 2743 247 2788 est
255 2729 390 2786 liberalis
403 2719 572 2785 secundum
581 2718 810 2800 philosophum,
819 2727 1066 2804 superabundare
1077 2728 1109 2784 in
1117 2729 1240 2788 datione

202 2839 232 2884 et
256 2827 401 2900 perficere
427 2826 511 2898 quod
529 2825 693 2898 inceperat,
720 2823 879 2898 inspiravit
902 2825 1023 2882 cuidam
1048 2827 1181 2884 dominae
1202 2829 1240 2886 de

200 2925 352 2995 Veneciis,
373 2923 496 2980 nomine
513 2921 664 2996 Philippa,
679 2939 738 2995 que
753 2921 850 2978 suerat
861 2940 939 2979 uxor
952 2923 1107 2996 quondam
1121 2925 1239 2983 domini

200 3021 311 3078 Marini
327 3019 503 3078 Mauroceni
518 3020 555 3076 de
569 3018 722 3090 Veneciis,
737 3037 795 3092 que
808 3020 903 3090 daret,
920 3032 949 3076 et
960 3021 1088 3077 donaret
1099 3021 1238 3094 predicto

198 3119 324 3176 domino
340 3119 485 3192 episcopo
502 3116 731 3188 Bartholomeo‚
748 3135 803 3191 pro
814 3118 952 3190 predicto
967 3129 1119 3175 conventu
1134 3137 1238 3192 quarn-

198 3217 267 3274 dam
285 3233 414 3290 yconam
430 3215 467 3272 de
480 3215 563 3290 ligno
579 3216 686 3272 ebano.
706 3217 741 3270 In
755 3232 814 3289 qua
829 3227 873 3272 est
885 3215 922 3270 de
937 3233 1008 3272 vero
1018 3215 1100 3290 ligno
1117 3217 1236 3290 Crucis,

197 3312 344 3370 insertum
358 3313 461 3370 tabule
479 3329 534 3386 per
549 3313 674 3369 modum
689 3312 788 3368 crucis
812 3325 841 3369 et
860 3311 1021 3370 circaeam
1041 3331 1080 3370 ex
1105 3325 1236 3387 utroque

196 3410 291 3466 latere
312 3420 381 3464 sunt
401 3409 505 3465 decern
521 3407 607 3466 thece
630 3420 770 3482 argentee
786 3421 930 3483 cooperte
952 3409 1120 3482 christa110,
1141 3411 1234 3470 sacris

197 3505 335 3579 reliquiis
357 3517 474 3576 ornate,
497 3523 566 3562 cum
585 3505 682 3580 grecis
706 3506 883 3562 nominibus
904 3505 1070 3580 impressis,
1097 3507 1232 3566 scilicet:

195 3613 371 3660 sanctorum
386 3602 467 3659 Petri
478 3603 621 3676 apostoli,
632 3603 762 3674 Andree,
776 3603 902 3662 Matthei
912 3605 1106 3679 evangeliste,
1119 3605 1234 3680 Tymo-

194 3699 257 3756 thei
272 3698 405 3756 martiris
423 3711 452 3756 et
471 3700 592 3774 Georgii
609 3701 741 3758 martiris
757 3701 898 3758 exlatere
911 3701 1011 3775 primo
1026 3720 1079 3759 seu
1096 3703 1232 3773 dextero,

195 3808 370 3852 sanctorum
392 3796 491 3867 Pauli,
508 3797 727 3868 Bartholomei,
749 3797 891 3872 Syrnonis
912 3799 1133 3872 apostolorum,
1151 3801 1232 3858 Luce

161 3921 167 3929 ⁷
194 3893 389 3968 evangeliste,
407 3894 613 3966 pantaleonis,
625 3914 662 3952 ex
674 3896 767 3953 latere
783 3897 920 3956 sinistro.
938 3899 975 3955 Et
989 3900 1097 3955 subtus
1112 3915 1231 3955 crucem

194 3989 226 4046 in
240 3988 301 4048 fine
316 4003 361 4049 est
372 3991 409 4048 de
424 3993 562 4065 Purpura
577 3993 654 4051 etde
675 3993 820 4071 Spongia,
835 3995 915 4052 etde
931 3995 1054 4053 Corona
1069 3994 1229 4052 Dominica

227 4224 247 4264 r.
264 4209 331 4259 Voir
348 4224 375 4280 p.
397 4223 457 4261 220.
