3312 5060
581 475 625 520 La
648 471 772 521 SAINTE
797 473 908 520 tanen
1193 476 1254 545 107

225 725 271 771 rat
289 715 297 741 ¹
322 713 420 771 eidem
443 713 660 772 nichilominus
676 713 791 772 illibata
814 714 965 772 custodiat
979 715 986 771 l
1002 714 1081 772 Nam
1100 732 1170 772 curn
1184 715 1257 775 dicti

128 819 131 824 '
223 811 330 870 fratres
352 811 519 886 injunctum
541 813 599 870 sibi
624 807 733 886 a'rege
755 811 922 887 sollempne
946 813 1103 888 negotium
1129 813 1257 873 sollicite

224 927 367 985 peragere
388 910 545 985 cupientes
565 911 603 968 ad
619 911 769 986 prefatum
788 909 949 985 imperium
970 911 1157 986 festinarent,
1178 913 1258 970 acci·

225 1009 270 1067 dit
280 1023 314 1067 ut
327 1008 441 1066 eisdem
453 1007 551 1067 adhuc
567 1009 661 1066 invia
679 1009 889 1082 existentibus,
904 1010 1027 1084 quidam
1046 1010 1142 1081 miles,
1159 1012 1258 1069 Guido

226 1108 357 1180 nomine,
374 1108 411 1164 de
435 1125 528 1182 regno
551 1107 678 1166 Francie
701 1107 862 1180 oriundus,
878 1121 907 1166 et
930 1109 1059 1183 predicti
1078 1109 1152 1166 doni
1176 1113 1257 1184 quod

225 1207 389 1283 imperaror
413 1205 476 1281 regi
501 1206 612 1264 fecerat
633 1205 774 1264 conscius
795 1218 868 1264 tunc
889 1207 1035 1282 temporis
1059 1225 1128 1264 cum
1150 1207 1258 1264 eodem

225 1305 407 1380 imperatore
422 1321 537 1360 moram
558 1304 682 1375 faciens,
702 1304 834 1379 acceptis
849 1307 887 1362 ab
900 1323 936 1362 eo
949 1305 1070 1377 litteris,
1086 1323 1155 1363 curn
1171 1305 1258 1362 eisin

225 1403 345 1478 Syriam
360 1403 576 1474 transfretaret,
592 1415 622 1460 et
639 1402 759 1460 sublato
780 1403 850 1460 inde
871 1405 1049 1462 auctoritate
1065 1403 1147 1460 bulle
1162 1403 1258 1476 impe-

223 1501 308 1559 rialis
329 1502 412 1577 ligno
426 1501 591 1572 dominico,
608 1501 686 1559 facta
707 1500 909 1558 creditoribus
929 1499 1089 1558 sufficienti
1105 1497 1257 1571 cautione,

222 1599 302 1656 illud
316 1617 384 1656 cum
395 1600 577 1673 quibusdam
590 1599 716 1657 Francie
727 1598 883 1656 nobilibus
894 1599 930 1656 de
940 1597 1028 1674 Syria
1039 1596 1258 1655 revertentibus

222 1697 254 1753 in
272 1693 430 1752 Franciam
443 1695 582 1768 deferret,
592 1695 683 1769 idque
698 1695 760 1770 regi
776 1713 846 1752 cum
860 1695 926 1752 aliis
941 1692 1173 1770 preciosissimis
1188 1691 1258 1750 reli-

224 1791 305 1866 quiis
329 1791 497 1849 honorifice
519 1805 719 1866 presentaret.
743 1793 787 1848 De
809 1809 936 1865 quarum
959 1791 1096 1866 singulis,
1112 1791 1168 1849 etsi
1186 1809 1258 1866 pro-

223 1889 366 1948 lixiorem
391 1907 559 1947 sermonem
582 1889 647 1946 fieri
663 1891 853 1959 condeceret,
874 1889 1028 1948 brevitatis
1047 1905 1148 1948 tamen
1168 1907 1260 1947 causa

225 1989 276 2046 cui
289 1988 467 2061 insistimus,
482 2006 586 2045 eorum
599 2001 715 2047 tantum
729 1988 853 2046 nomina
868 1988 999 2046 scribere
1009 1989 1094 2059 libet,
1106 2005 1173 2062 quae
1189 2001 1260 2046 sunt

224 2088 303 2144 hec:
319 2087 539 2144 Sacrosanctus
554 2085 676 2160 sanguis
692 2085 815 2141 Domini
830 2099 860 2142 et
876 2085 1042 2142 Salvatoris
1057 2084 1154 2140 nostri
1170 2083 1260 2140 ihesu

227 2184 354 2257 Christi,
370 2184 547 2242 vestimenta
561 2183 692 2240 infancie
708 2183 814 2258 ipsius,
830 2184 959 2241 frustum
973 2183 983 2210 ²
995 2201 1136 2258 magnum
1153 2181 1259 2239 Crucis

225 2283 390 2354 dominice,
415 2295 600 2339 nontamen
626 2283 663 2339 ad
686 2281 815 2338 formam
835 2282 933 2339 crucis
956 2283 1124 2352 redactum,
1140 2281 1177 2338 de
1199 2297 1260 2354 quo

224 2381 425 2454 imperatores
449 2380 782 2455 Constantinopolitani
806 2381 911 2438 amicis
929 2393 958 2438 et
978 2380 1176 2438 familiaribus
1197 2381 1259 2438 suis

223 2480 297 2536 dare
326 2491 558 2550 consueverant,
584 2479 706 2553 sanguis
729 2479 819 2536 etiam
841 2480 893 2554 qui
913 2479 1043 2537 mirabili
1063 2478 1202 2554 prodigio
1222 2480 1260 2536 de

222 2576 365 2654 ymagine
381 2576 504 2634 Domini
518 2595 662 2650 percussa
673 2577 797 2650 effluxit,
810 2579 937 2636 cathena
953 2597 1013 2652 qua
1025 2578 1105 2636 idem
1122 2579 1260 2636 Salvator

223 2676 335 2750 ligatus
350 2674 416 2746 fuit,
428 2675 531 2732 tabula
546 2677 676 2750 quedam
689 2694 791 2750 quam,
807 2693 877 2733 cum
892 2678 1096 2751 deponeretur
1111 2675 1260 2732 Dominus

223 2775 263 2832 de
278 2790 377 2845 cruce,
394 2773 459 2846 ejus
472 2773 565 2830 iacies
579 2773 690 2848 tetigit,
701 2773 778 2848 lapis
794 2774 918 2847 quidam
928 2792 1054 2849 magnus
1067 2773 1104 2830 de
1120 2772 1259 2848 sepulcro

224 2871 332 2946 ipsius,
348 2872 386 2928 de
398 2871 476 2928 lacte
498 2889 620 2944 quoque
635 2870 852 2946 gloriosissime
862 2871 996 2946 Virginis
1007 2871 1111 2929 matris
1122 2873 1197 2945 ejus,
1209 2889 1259 2928 su·

225 2970 328 3046 perior
338 2987 408 3044 pars
421 2969 528 3044 capitis
541 2969 675 3043 Baptiste
686 2983 715 3027 et
724 2970 912 3044 precursoris
928 2971 1052 3042 Christi,
1065 2983 1155 3045 caput
1164 2969 1260 3027 sancti

229 3067 333 3140 Dlasii,
349 3079 440 3141 caput
462 3067 551 3125 etiam
571 3066 667 3124 sancti
687 3067 862 3137 Clementis,
886 3086 955 3125 cum
973 3067 1071 3143 capite
1093 3067 1260 3127 beatissimi

229 3163 401 3240 Symeonis.

265 3263 330 3319 llec
356 3261 458 3319 omnia
480 3263 517 3318 de
535 3261 802 3337 Constantinopoli
821 3281 875 3338 per
894 3264 1069 3320 mandatum
1084 3275 1114 3320 et
1129 3262 1261 3320 auctori·

227 3375 321 3420 tatem
334 3361 344 3393 ³
358 3359 487 3434 predicti
505 3359 697 3434 imperatoris
720 3361 849 3432 sublata,
868 3361 966 3419 dictus
981 3361 1081 3418 Guido
1097 3361 1128 3416 in
1142 3359 1260 3434 Syriam

228 3458 345 3527 detulit,
372 3469 462 3531 atque
482 3455 563 3527 inde,
587 3467 621 3512 ut
645 3455 759 3512 dictum
781 3470 834 3524 est,
857 3475 917 3514 una
941 3475 1010 3514 cum
1033 3455 1260 3530 preciosissimo

227 3555 327 3614 crucis
342 3554 452 3612 vexillo
468 3554 506 3610 ad
520 3553 670 3630 prefatum
686 3571 787 3629 regem
803 3555 930 3613 Francie
946 3552 1122 3628 deportavit.
1140 3554 1260 3622 Quibus

228 3655 383 3712 humiliter
396 3667 426 3711 et
437 3653 542 3710 eadem
555 3665 584 3710 et
595 3653 702 3728 majori
714 3654 791 3727 qua⁴
805 3655 841 3710 de
858 3653 1047 3712 sanctissima
1060 3651 1181 3707 Corona
1196 3649 1259 3707 dic-

227 3767 292 3812 tum
306 3765 350 3810 est
366 3752 534 3809 reverentia
553 3765 582 3810 et
602 3751 825 3825 sollempnitate
846 3752 1007 3808 abeodem
1031 3769 1099 3826 rege
1119 3749 1258 3822 receptis,

228 3865 257 3910 et
283 3849 449 3909 constituta
476 3849 525 3906 die
553 3849 778 3908 confluentibus
806 3849 941 3923 undique
970 3862 999 3906 et
1031 3847 1259 3906 accurrentibus

230 3947 350 4024 populis
375 3947 405 4007 in
431 3948 499 4006 loco
521 3949 559 4007 ad
581 3949 639 4006 hoc
659 3961 742 4007 extra
764 3948 916 4007 civitatem
938 3945 1140 4004 Parisiensem
1154 3958 1260 4020 parato

266 4168 286 4202 1.
306 4150 463 4202 Providerat
475 4151 675 4217 [Charlevillel.
823 4153 846 4204 3.
858 4151 917 4202 Fol.
936 4151 983 4217 173
996 4161 1033 4212 vs,
1046 4151 1098 4202 col.
1113 4165 1136 4200 a.

264 4255 287 4290 2.
304 4241 370 4292 Cod.
386 4257 398 4288 r
415 4239 548 4292 frustrum
565 4261 587 4291 υ.
817 4255 843 4304 4.
857 4241 949 4300 Quam
966 4238 1163 4303 [Charlevillel
