3312 5060
335 399 396 466 152
447 433 449 438 ·
518 413 625 462 uorsa
649 413 691 459 rr
715 399 844 460 arunas
868 402 1201 474 nncuioiourouas·

330 653 451 723 ducem,
466 661 607 724 nepotem
622 666 720 720 suum,
731 667 799 706 cum
810 649 949 724 catalogo
965 651 1166 709 donationum
1181 670 1198 710 a
1214 653 1366 712 Constan-

330 749 395 806 tino
412 762 443 807 et
462 746 701 819 successoribus,
723 759 813 820 atque
832 747 967 821 patriciis
982 747 1130 806 factarum
1147 750 1179 807 in
1200 752 1366 827 provinciis

330 846 460 918 Tusciae,
489 844 616 920 Spoleti,
647 845 821 917 Beneventi,
852 845 986 903 Corsicae
1014 858 1043 904 et
1073 847 1205 920 Sabinae,
1228 849 1366 924 exemplo

331 945 442 1002 educto
461 961 499 1001 ex
522 941 644 1000 archivo
667 941 855 1017 apostolico;
871 960 915 1000 eae
935 943 1087 1017 siquidem
1111 963 1128 1000 a
1154 945 1363 1020 Langobardis

330 1041 509 1115 jamdudum
523 1040 647 1112 invasae,
663 1041 801 1098 nondum
815 1040 934 1098 fuerant
951 1041 1109 1100 restitutae.
1126 1041 1201 1100 Orat
1219 1055 1253 1100 ut
1268 1043 1366 1099 Cons-

331 1137 440 1196 tantini
476 1138 577 1197 felicia
607 1151 745 1214 tempora
777 1138 934 1212 instauret,
970 1139 1132 1199 exaltando
1157 1141 1367 1216 Apostolicam

333 1234 455 1294 Sedem.

369 1417 490 1474 Domno
498 1415 753 1475 excellentissimo
766 1415 831 1473 filio
842 1415 953 1472 Carolo
969 1417 1032 1492 regi
1045 1417 1232 1474 Francorum
1243 1427 1273 1474 et
1289 1417 1369 1473 Lan·
1398 1493 1400 1498 Ι

334 1513 550 1588 gobardorum,
564 1527 655 1588 atque
668 1514 797 1589 patricio
814 1517 1032 1587 Romanorum,
1044 1514 1196 1572 Adrianus
1209 1532 1297 1589 papa.

372 1719 410 1776 Et
428 1719 507 1777 sicut
529 1718 718 1794 temporibus
738 1717 819 1775 beati
844 1718 999 1792 Sylvestri,
1017 1717 1145 1776 Romani
1169 1718 1333 1793 pontificis,
1355 1736 1371 1776 a

336 1829 449 1874 sanctae
476 1817 697 1876 recordationis
717 1815 856 1890 piissimo
881 1816 1084 1874 Constantino
1106 1818 1219 1891 Magno
1239 1816 1372 1890 impera·

335 1927 413 1986 tore,
427 1931 482 1988 per
500 1917 565 1991 ejus
586 1915 755 1990 largitatem
780 1926 883 1971 sancta
908 1913 963 1970 Dei
983 1913 1134 1971 catholica
1156 1928 1186 1973 ct
1204 1917 1373 1989 apostolica

284 2023 289 2032 '
338 2015 475 2070 Romana
491 2013 628 2070 Ecclesia
642 2013 758 2070 elevata
770 2025 861 2087 atque
881 2014 1011 2070 exaltata
1026 2026 1082 2086 est,
1096 2027 1126 2070 et
1144 2026 1326 2087 potestatem
1342 2015 1373 2072 in

338 2110 385 2168 bis
401 2111 558 2186 Hesperiae
572 2110 711 2186 partibus
725 2109 828 2184 largiri
842 2109 983 2184 dignatus
997 2123 1053 2184 est,
1068 2111 1153 2170 itaet
1167 2112 1198 2168 in
1209 2111 1256 2168 bis
1267 2111 1374 2168 vestris

337 2207 521 2268 felicissimis
540 2209 728 2284 temporibus
744 2197 835 2282 atqu'e
850 2208 971 2278 nostris,
984 2221 1087 2266 sancta
1108 2209 1164 2267 Dei
1181 2209 1328 2280 Ecclesia,
1344 2209 1375 2266 id

339 2319 384 2363 est
416 2306 497 2364 beati
518 2307 598 2364 Petri
619 2308 750 2384 apostoli
774 2307 923 2384 germinet
942 2320 1032 2382 atque
1052 2308 1176 2380 exultet,
1196 2321 1226 2365 et
1246 2308 1375 2383 amplius

258 2415 260 2422 ’
340 2417 430 2478 atque
442 2405 573 2478 amplius
588 2407 716 2464 exaltata
732 2418 918 2481 permaneat,
934 2419 967 2462 ut
984 2424 1090 2462 omnes
1108 2418 1212 2480 gentes
1228 2423 1296 2480 quae
1312 2405 1377 2462 haec

341 2505 491 2562 audierint
506 2503 625 2560 edicere
639 2503 759 2561 valeant
769 2521 775 2560 :
785 2504 923 2574 Domine,
936 2502 1051 2561 salvum
1058 2503 1115 2578 sac
1126 2519 1237 2581 regem,
1249 2513 1278 2558 et
1287 2519 1377 2558 exau·
1415 2559 1418 2568 ,

341 2601 372 2656 di
386 2618 438 2658 nos
454 2602 483 2656 in
498 2599 555 2670 dic,
573 2601 675 2676 inqua
691 2601 924 2658 invocaverimus
938 2612 967 2658 te
979 2619 989 2656 .·
1001 2601 1072 2674 quia
1087 2619 1157 2659 ecce
1168 2619 1266 2658 novus
1278 2599 1381 2656 Chris-

340 2695 530 2754 tianissimus
547 2697 603 2754 Dei
625 2698 844 2756 Constantinus
859 2698 1025 2773 imperator
1046 2699 1093 2754 his
1108 2698 1297 2772 temporibus
1313 2716 1380 2755 sur·

342 2792 429 2866 rexit,
443 2810 498 2869 per
508 2811 598 2868 quem
613 2795 716 2852 omnia
731 2796 813 2851 Deus
828 2807 941 2852 sanctae
955 2813 1017 2852 suae
1034 2794 1180 2852 Ecclesiae
1196 2795 1275 2852 beati
1291 2811 1381 2868 apos·

343 2891 478 2950 tolorum
487 2891 634 2966 principis
647 2891 727 2951 Petri
739 2891 842 2967 largiri
856 2893 1064 2968 dignatusest,
1077 2893 1131 2950 sed
1144 2905 1174 2950 et
1189 2905 1297 2948 cuncta
1310 2890 1380 2960 alia,

345 3007 414 3064 quae
427 3009 481 3066 per
495 2991 632 3048 diversos
651 2989 862 3066 imperatores,
875 2989 1019 3065 patricios
1034 2989 1125 3047 etiam
1139 3002 1169 3048 et
1188 2989 1264 3046 alios
1284 2989 1383 3045 Deum

345 3087 497 3162 timentes,
515 3107 570 3164 pro
590 3106 695 3148 eorum
715 3089 824 3147 animae
839 3088 978 3146 mercede
994 3099 1023 3144 et
1042 3086 1130 3158 venia
1144 3087 1336 3158 delictorum,
1351 3085 1383 3141 in

345 3187 482 3263 partibus
509 3185 641 3260 Tusciae,
667 3186 803 3260 Spoleto,
833 3203 886 3242 seu
914 3185 1100 3256 Benevento,
1129 3196 1220 3258 atque
1246 3181 1383 3251 Corsica,

347 3289 481 3347 simulet
496 3287 655 3348 Savinensi
677 3286 871 3362 patrimonio,
887 3287 976 3342 beato
1005 3286 1096 3340 Petro
1120 3281 1280 3354 Apostolo‚
1297 3295 1384 3336 sanc-

347 3401 448 3460 taeque
472 3385 528 3443 Dei
551 3398 581 3444 et
595 3383 779 3458 Apostolicae
805 3385 947 3438 Romanae
972 3377 1117 3437 Ecclesiae
1136 3392 1280 3433 concessa
1302 3387 1382 3446 sunt,

349 3499 378 3542 et
391 3502 446 3559 per
460 3483 622 3542 nefandam
636 3479 757 3558 geniem
771 3478 1043 3554 Langobardorum
1058 3492 1111 3547 per
1126 3489 1276 3530 annorum
1289 3471 1387 3544 spatia

349 3584 501 3640 abstracta
518 3594 608 3653 atque
624 3569 725 3636 ablata
744 3589 825 3648 sunt,
844 3574 951 3632 vestris
967 3571 1155 3646 temporibus
1179 3569 1386 3627 restituantur.

352 3679 440 3736 Unde
465 3691 494 3735 et
516 3678 619 3752 plures
640 3676 822 3734 donationes
844 3672 875 3728 in
897 3689 983 3728 sacro
999 3681 1103 3727 nostro
1124 3666 1243 3725 Scrinio
1264 3667 1388 3724 Latera-

352 3776 438 3836 nensi
454 3774 624 3832 reconditas
639 3773 798 3845 habemus,
809 3785 911 3828 tamen
926 3781 955 3825 et
966 3785 1019 3842 per
1039 3763 1280 3824 satisfactionem
1295 3763 1388 3820 cbris-

352 3873 514 3934 tianissimi
525 3871 609 3948 regni
620 3870 723 3942 vestri,
735 3888 788 3945 per
798 3872 858 3944 jam
869 3867 946 3924 fatos
961 3865 1053 3936 viros,
1071 3865 1108 3922 ad
1119 3861 1392 3920 demonstrandum

354 3972 502 4032 easvobis
524 3969 700 4042 direximus,
714 3980 742 4026 et
764 3984 817 4040 per
830 3966 888 4022 hoc
904 3963 1037 4037 petimus
1052 3960 1193 4017 eximiam
1209 3958 1392 4016 Praecellen-

354 4071 428 4127 tiam
449 4071 588 4126 Vestram
607 4081 640 4124 ut
655 4065 686 4124 in
705 4065 823 4138 integro
848 4061 913 4135 ipsa
936 4057 1118 4133 patrimonia
1140 4059 1229 4112 beato
1247 4055 1339 4110 Petro
1365 4066 1393 4109 et

358 4167 446 4226 nobis
464 4165 623 4224 restituere
645 4161 785 4238 jubeatis,
809 4173 839 4217 et
859 4159 932 4216 dum
957 4154 1060 4213 omnia
1086 4171 1140 4228 per
1163 4163 1296 4212 vestrum
1319 4167 1393 4206 con-
