3312 5060
332 467 377 537 90
520 468 628 515 noras
654 468 695 514 ar
719 453 847 514 arunas
871 453 1176 526 nacuiotoorouus

331 723 378 761 res
393 704 755 778 gemmarumpraesertim
773 705 1012 778 smaragdorum,
1026 705 1057 761 in
1068 723 1198 778 quorum
1209 705 1359 762 viriditate

331 803 376 858 sol
402 821 597 876 repercussus
622 802 727 859 oculos
758 803 919 861 astantium
946 803 1079 876 gratiosa
1107 803 1174 860 luce
1202 803 1359 873 animaret,

331 919 426 974 equos
442 919 580 958 cursores
600 901 748 974 plurimos
764 919 832 957 cum
851 901 994 976 phalaris,
1015 900 1129 958 fulvum
1152 915 1183 958 ut
1206 903 1291 958 Maro
1307 901 1359 970 ait,

332 999 507 1056 mandentes
526 1001 583 1055 sub
606 999 747 1056 dentibus
772 1017 889 1070 aurum,
905 1017 957 1056 vas
980 1000 1134 1073 quoddam
1154 1017 1191 1055 ex
1214 1001 1358 1056 onichino

332 1095 373 1150 ita
388 1095 490 1152 subtili
505 1095 658 1154 coelatoris
673 1109 736 1153 arte
755 1096 916 1170 sculptum,
933 1110 965 1153 ut
984 1114 1053 1153 vere
1070 1097 1217 1152 fluctuare
1232 1110 1358 1170 segetes,

332 1209 401 1248 vere
419 1191 586 1266 germinare
604 1192 691 1263 vites,
707 1209 776 1249 vere
794 1192 905 1248 moveri
925 1191 1083 1248 hominum
1106 1192 1251 1266 imagines
1274 1191 1358 1248 vide-

332 1301 444 1360 rentur,
461 1287 501 1344 ita
516 1289 649 1345 lucidum
670 1289 833 1363 expolitum
848 1302 882 1346 ut
900 1287 964 1346 viee
986 1288 1101 1363 speculi
1118 1289 1217 1346 vultus
1238 1289 1358 1346 intuen-

332 1384 405 1442 tium
426 1383 629 1442 aemularetur.
1027 1397 1030 1404 ’

367 1484 507 1540 «Ensem
523 1485 715 1542 Constantini
740 1484 839 1558 magni
863 1483 943 1540 misit
967 1484 1092 1556 scilicet,
1116 1485 1147 1540 in
1172 1503 1232 1558 quo
1252 1483 1358 1541 litteris

331 1581 429 1638 aureis
440 1599 551 1638 nomen
562 1581 678 1656 antiqui
691 1581 876 1656 possessoris
888 1581 1044 1656 legebatur
1056 1599 1062 1638 :
1075 1581 1105 1637 in
1117 1583 1225 1656 capulo
1236 1599 1358 1655 quoque

330 1699 421 1755 super
432 1699 548 1738 crassas
563 1682 628 1738 auri
643 1681 779 1752 laminas,
795 1683 913 1740 clavum
929 1683 1056 1740 ferreum
1073 1683 1194 1740 affixum
1209 1701 1356 1752 cerneres,

331 1797 423 1836 unum
439 1797 475 1836 ex
493 1793 624 1852 quatuor
642 1797 719 1852 quos
734 1778 852 1851 judaica
867 1780 1038 1854 persecutio
1054 1779 1205 1836 Dominiei
1221 1779 1357 1852 corporis

331 1889 446 1950 aptarat
466 1875 626 1949 supplicio,
649 1877 797 1933 Lanceam
822 1877 925 1932 Caroli
949 1877 1059 1951 magni,
1077 1894 1166 1950 quam
1191 1878 1357 1954 Imperator

331 1974 545 2032 invictissimus
562 1989 668 2033 contra
684 1977 866 2033 Sarracenos
881 1977 1046 2034 exercitum
1061 1978 1174 2034 ducens
1194 1977 1218 2033 si
1234 1977 1356 2050 quando

332 2073 362 2128 in
382 2057 483 2130 hostes
503 2073 650 2143 vibrabat,
675 2092 839 2147 numquam
861 2073 919 2130 nisi
943 2074 1038 2130 vietor
1060 2073 1172 2130 abibat.
1193 2075 1357 2132 Ferebatur

331 2192 397 2232 esse
412 2176 517 2232 eadem
537 2194 604 2249 quae
621 2175 780 2232 Dominico
805 2175 891 2232 lateri
914 2173 1100 2232 centurionis
1120 2191 1210 2230 manu
1227 2173 1357 2246 impacta

331 2273 455 2346 pretiosi
475 2275 607 2330 vulneris
628 2274 727 2330 hiatus
751 2273 925 2348 paradisum
952 2273 1069 2330 miseris
1091 2272 1269 2330 mortalibus
1290 2291 1357 2346 ape-

331 2370 390 2427 ruit
414 2371 580 2428 :vexillum
608 2371 679 2429 item
704 2371 787 2428 misit
815 2371 954 2428 Mauricii
977 2371 1143 2428 beatissimi
1168 2371 1306 2446 martyris
1329 2385 1358 2428 et

330 2471 461 2528 Thebeae
486 2470 612 2544 legionis
640 2471 796 2544 principis,
813 2490 873 2544 quo
896 2471 976 2528 idem
1001 2490 1052 2528 rex
1076 2471 1107 2527 in
1131 2472 1211 2528 bello
1229 2471 1356 2544 hispano

329 2569 495 2642 quamlibet
514 2569 640 2625 infestos
660 2583 689 2626 et
711 2569 864 2626 confertos
887 2570 1080 2626 inimicorum
1095 2587 1208 2626 cuneos
1225 2569 1355 2625 disrum-

329 2685 400 2740 pere
414 2666 485 2723 etin
499 2665 597 2740 lugam
612 2667 719 2724 solitus
730 2681 793 2724 erat
807 2685 924 2742 cogere.
938 2667 1083 2723 Diadema
1094 2685 1129 2722 ex
1145 2685 1218 2723 auro
1234 2666 1355 2739 quidem

331 2763 437 2834 multo,
453 2765 506 2821 sed
521 2764 615 2837 magis
635 2764 761 2837 gemmis
779 2764 945 2838 pretiosum
962 2782 1089 2838 quarum
1109 2765 1252 2837 splendor
1269 2763 1310 2819 ita
1325 2763 1356 2819 in

330 2861 480 2918 intuentes
496 2861 609 2918 faculas
622 2861 745 2918 luminis
762 2861 958 2933 jaculabatur,
972 2877 1006 2919 ut
1021 2875 1134 2935 quanto
1150 2862 1218 2935 quis
1230 2875 1356 2919 certaret

330 2959 427 3015 visum
443 2959 598 3015 intendere
621 2971 704 3016 tanto
725 2959 818 3033 magis
838 2962 1045 3016 reverberatus
1066 2973 1224 3034 cogeretur
1238 2959 1354 3015 cedere.

333 3053 514 3112 Particulam
528 3071 638 3114 sanctae
652 3071 681 3114 et
691 3057 853 3114 adorandae
869 3057 967 3114 crucis
983 3057 1115 3114 cristallo
1131 3057 1287 3126 inclusam,
1304 3057 1356 3112 ubi

331 3152 514 3209 soliditatem
530 3154 639 3226 lapidis
654 3153 761 3210 oculus
776 3168 937 3228 penetrans
957 3166 1056 3228 potest
1069 3155 1240 3212 discernere
1258 3155 1355 3228 qualis

330 3250 366 3306 sit
381 3249 454 3322 ligni
469 3251 594 3308 coloret
610 3270 677 3324 quae
691 3252 854 3325 quantitas,
869 3252 1091 3325 portiunculam
1103 3269 1225 3324 quoque
1235 3269 1355 3307 coronae

330 3347 441 3421 spineae
465 3349 571 3404 eodem
596 3351 687 3406 modo
711 3349 868 3420 inclusam,
890 3367 979 3425 quam
1003 3352 1041 3406 ad
1065 3350 1247 3407 derisionem
1271 3350 1355 3424 regni

329 3445 467 3502 militaris
479 3447 578 3502 rabies
593 3461 786 3504 sacrosancto
801 3449 946 3522 imposuit
960 3449 1060 3522 capiti.
1077 3449 1133 3505 His
1148 3450 1239 3506 tantis
1253 3461 1354 3504 ettam

329 3543 492 3600 elaboratis
516 3544 604 3600 donis
624 3545 940 3618 magnificentissimus
959 3565 1009 3602 rex
1028 3547 1158 3620 gavisus,
1175 3565 1235 3602 non
1257 3545 1354 3601 mino·

328 3641 411 3697 ribus
431 3659 506 3714 pene
521 3644 677 3716 respondit
698 3643 872 3714 beneficiis;
889 3645 962 3717 quin
984 3658 1013 3700 et
1035 3643 1204 3700 anhelantis
1221 3645 1353 3699 animum

327 3742 440 3814 nuptiis
463 3743 576 3798 sororis
593 3743 705 3799 refecit.
724 3745 760 3798 Et
783 3743 891 3799 ceteris
915 3743 1037 3815 quidem
1061 3761 1251 3799 successores
1269 3759 1354 3816 reges

326 3839 455 3909 dotavit;
477 3854 592 3912 partem
618 3860 687 3898 vcro
714 3841 811 3898 crucis
835 3855 863 3897 et
887 3858 1008 3897 coronae
1030 3841 1247 3897 Malmesbirrae
1272 3841 1353 3896 dele-

325 3937 415 4010 gavit,
432 3955 562 4010 quorum
578 3937 783 3995 sustentaculo
803 3938 902 3994 adhuc
917 3939 1008 3994 credo
1029 3937 1128 4012 vigere
1147 3939 1248 3994 locum
1264 3939 1354 3994 istum

325 4050 370 4093 tot
380 4035 527 4094 libertatis
541 4037 706 4112 naufragia,
716 4051 760 4096 tot
775 4039 1027 4097 calumniatorum
1038 4035 1162 4109 injurias
1172 4053 1293 4108 passum
1306 4035 1324 4091 ².
1339 4059 1351 4088 υ

360 4254 382 4288 1.
398 4239 484 4302 Pertz,
496 4239 607 4306 Scripta,
618 4253 635 4292 t.
648 4243 680 4303 X,
695 4257 720 4308 p.
734 4241 797 4306 460.
