3312 5060
604 458 646 503 La
671 453 792 502 SAINTE
816 450 927 498 Lance

1043 549 1052 560 ..

282 711 411 767 Hastam
426 699 557 760 vibravit
844 686 940 744 Hasta
955 702 1012 742 nos
1032 691 1128 738 armat

170 871 173 876 ,
249 811 338 867 Tunc
352 804 439 862 miles
453 801 492 857 ad
505 787 616 867 altum,
807 786 849 844 Ut
864 801 926 841 non
946 779 1192 848 succumbamus,

286 907 334 964 Ad
354 902 410 960 Dei
425 900 562 957 Verbum
845 883 956 939 Clavus
979 895 1036 936 nos
1057 875 1168 944 firmat,

252 1006 364 1063 Clavus
380 1008 569 1057 cruentatum
813 981 850 1038 Et
865 979 908 1037 sic
921 973 1157 1049 triumphamus,

181 1109 184 1118 '
290 1107 386 1162 Latus
402 1097 536 1166 intravit,
849 1075 979 1152 Sanguis
994 1069 1147 1140 accendit,

255 1205 292 1263 Et
306 1192 546 1273 compenetravit
614 1257 617 1264 1
816 1179 858 1236 Ut
870 1175 913 1233 sic
930 1174 1089 1231 ardeamus

290 1291 370 1350 Filio
386 1287 450 1344 Dei.
851 1277 923 1350 Igne
934 1272 1049 1330 divino.

293 1422 425 1498 Sanguis
436 1431 466 1476 et
481 1434 560 1490 aqua
853 1409 980 1463 Praestet
996 1403 1055 1459 hoc
1069 1401 1159 1458 nobis

260 1524 357 1584 Simul
371 1522 563 1586 effluxerunt,
817 1504 922 1562 Gratia
936 1501 1048 1570 divina,

296 1622 395 1680 Undae
410 1615 524 1676 cruoris
853 1599 1004 1657 Conditor
1018 1595 1112 1665 orbis,

261 1725 327 1779 Nos
342 1717 607 1776 inflammaverunt
624 1726 630 1764 :
821 1695 963 1754 Siderum
978 1695 1092 1769 regina,

297 1819 410 1876 Fontes
426 1825 574 1884 aquarum
859 1794 1012 1850 Lanceam
1026 1794 1113 1867 cujus

266 1915 371 1974 Coelos
385 1911 594 1976 turbaverunt,
822 1890 931 1965 Angeli
943 1891 1089 1950 mirantur

300 2015 398 2088 Supra
413 2019 563 2065 naturam.
860 1995 987 2068 Semper
1000 1994 1030 2051 in
1046 1993 1142 2052 coelis.

893 2083 1001 2140 Amen.

769 2189 797 2244 7.

323 2291 483 2372 Sequentia
497 2288 532 2346 de
543 2286 662 2344 Lancea
677 2277 845 2339 Dominica.
861 2277 916 2334 Ex
927 2277 1043 2335 missali
1054 2275 1252 2352 Eystettensi.

269 2423 436 2483 Hodiernae
452 2417 561 2474 festum
577 2411 665 2480 lucis,
829 2403 1003 2461 Fecundata
1017 2415 1050 2458 tu
1067 2416 1185 2470 cruore,

270 2523 308 2578 Et
323 2519 450 2577 solenne
464 2511 534 2570 vitae
549 2508 647 2576 ducis,
831 2495 916 2553 Felix
931 2495 1017 2553 hasta
1033 2511 1088 2551 nos
1103 2507 1217 2558 amore,

306 2617 367 2672 Pro
381 2609 500 2670 victrici
516 2609 646 2664 Lancea.
869 2595 971 2650 Perre
986 2591 1038 2648 fixi
1054 2589 1166 2648 saucia.

272 2744 476 2800 Decantemus
489 2731 594 2788 laudes
610 2727 648 2800 ei,
834 2719 1313 2797 Florenscruor,quemfuderunt

273 2843 372 2912 Quem
388 2830 538 2893 transfixit
552 2830 616 2886 vice
631 2825 686 2897 rei,
834 2826 926 2884 Attus
938 2820 1067 2878 Christi:
1079 2837 1157 2893 quos
1172 2817 1315 2876 foderunt

309 2937 386 2993 liaec
401 2927 507 2989 salutis
522 2926 644 2984 framea.
871 2921 1035 2979 Clarorum
1049 2915 1167 2973 fixoria.

275 3057 384 3121 Omnis
398 3055 558 3126 utriusque
574 3065 673 3117 sexus,
838 3061 919 3117 Fusa
932 3075 986 3131 pes
1001 3067 1030 3112 ιθ
1045 3071 1081 3112 20
1093 3053 1199 3128 rigata,

276 3163 320 3219 ΤΘ
340 3153 508 3229 stringebat
527 3148 624 3222 culpae
638 3161 745 3216 lmus,
841 3158 879 3215 Et
891 3174 944 3231 per
960 3153 1070 3210 Clavos
1085 3150 1226 3220 solidata,

314 3261 352 3316 Et
368 3251 475 3312 mortis
490 3246 640 3324 θῑῑὸῑῐὸῑῑθ·
876 3259 989 3316 Nostra
1003 3251 1065 3310 sint
1077 3248 1257 3324 praecordia.

280 3381 381 3443 pune
396 3377 451 3447 Μ’
470 3373 522 3448 qni
537 3368 673 3440 ‘emit’
843 3392 934 3450 Placa
948 3389 1071 3444 Patrem
1082 3379 1259 3456 majestatis,

279 3481 386 3554 Culpoe
400 3489 524 3550 poenam
534 3485 590 3543 pro
605 3479 634 3523 te
648 3463 749 3533 solvit,
844 3491 886 3546 Ut
900 3488 931 3544 in
945 3499 1043 3542 ,evum
1058 3497 1128 3537 cum
1147 3477 1255 3546 beatis,

315 3577 394 3634 Vim
409 3573 486 3629 dans
501 3563 645 3623 remedia·
880 3587 946 3642 Nos
960 3591 1085 3640 coronet
1097 3575 1201 3652 gloria.

280 3705 343 3760 Ave
358 3699 471 3756 sermm
486 3686 679 3764 triumphale,

283 3801 404 3858 latrans
417 3802 523 3867 pectus
536 3799 570 3844 tu
585 3782 688 3850 vitale,

321 3893 403 3952 Coeli
418 3887 527 3966 pandis
543 3882 632 3952 ostia,

348 3991 515 4056 [Gretserua
528 3983 681 4048 syntagma
694 3973 728 4026 de
737 3972 767 4024 S.
776 3970 812 4021 R.
826 3963 949 4032 Imperii,
965 3976 1010 4028 pp.
1028 3957 1119 4021 38·44.
1132 3982 1162 3994 -
1182 3953 1329 4005 chevalier

316 4081 366 4146 (Le
382 4077 436 4130 Ch·
451 4074 505 4136 U.),
518 4065 710 4136 Repertorium
725 4054 943 4130 hymnologiam
961 4047 1104 4115 (Louvaim
1120 4045 1253 4096 Analecta
1266 4042 1329 4093 Bol-

320 4141 461 4224 landianh‚
491 4158 566 4226 1897,
583 4171 597 4206 2
617 4155 672 4203 vol.
688 4149 765 4212 in·8⁰,
781 4155 821 4198 n··
836 4143 898 4207 604,
915 4139 994 4202 3212,
1009 4149 1089 4204 7944,
1106 4132 1186 4201 9275,
1205 4129 1329 4197 14444-6,

325 4251 448 4322 1459S9,
466 4241 696 4312 15483,21406)J.
