3312 5060
630 473 671 518 ta
697 471 817 518 saturn
843 473 953 518 tanen
1251 457 1311 522 153

693 591 826 600 ------·-

272 732 381 790 gruum
401 709 585 785 dispositum
610 721 715 766 sancta
737 708 791 765 Dei
812 708 945 765 Ecclesia
969 709 1113 765 ellectum
1135 714 1313 786 susceperit,

181 872 184 877 .
273 815 338 888 ipse
353 813 496 886 princeps
508 807 738 882 Apostolorum,
755 810 861 864 beatus
875 809 993 878 Petrus,
1010 822 1079 867 ante
1099 811 1233 868 tribunal
1245 810 1315 867 Om-

275 909 441 986 nipotentis
461 905 653 964 clementiam
667 922 723 978 pro
743 917 841 962 vestra
857 905 1003 978 sospitate
1016 919 1106 981 atque
1121 909 1314 984 longaevitate

276 1021 306 1066 et
331 1006 529 1076 exultatione,
558 1022 575 1059 a
605 1004 669 1058 Deo
700 1001 861 1058 confortati
890 1004 973 1076 regni
1001 1005 1091 1062 vestri
1123 1007 1312 1080 deprecetur.

278 1107 465 1179 Magnopere
482 1102 563 1159 enim
578 1100 743 1158 direximus
768 1100 849 1173 apud
867 1101 1005 1158 Vestram
1018 1101 1161 1158 eximiam
1181 1104 1312 1160 Praecel-

277 1203 414 1271 lentiam,
428 1201 459 1256 id
474 1213 519 1257 est
539 1200 824 1257 reverendissimum
838 1213 867 1257 et
876 1202 1101 1259 sanctissimum
1112 1203 1235 1260 fratrem
1246 1223 1317 1261 nos·

275 1312 358 1358 trum
375 1299 551 1372 Philippum
562 1309 590 1354 et
600 1298 753 1354 Andream
765 1298 924 1373 episcopos
938 1317 990 1356 seu
1000 1301 1197 1356 Theodorum
1206 1301 1315 1357 ducem

278 1409 428 1466 nostrum,
439 1395 550 1469 quibus
565 1407 594 1451 et
608 1393 640 1450 in
655 1412 707 1450 ore
722 1395 881 1468 posuimus
896 1409 929 1452 ut
939 1397 1054 1454 Vestrae
1066 1416 1082 1455 a
1094 1398 1158 1454 Deo
1169 1409 1315 1471 protectae

280 1492 475 1552 Excellentiae
490 1491 636 1548 minutius
650 1509 790 1549 enarrare
801 1493 945 1564 debeant;
955 1495 1067 1568 quibus
1079 1508 1108 1550 et
1120 1495 1163 1552 eis
1177 1495 1208 1551 in
1218 1496 1316 1552 omni-

279 1593 336 1648 bus
349 1591 472 1648 credere
483 1589 630 1657 debeatis,
642 1601 672 1645 et
685 1589 773 1646 solita
785 1589 969 1664 benignitate
980 1609 1031 1648 eos
1050 1592 1203 1665 suscipere
1217 1593 1317 1666 jubea-

269 1689 327 1764 tis,
344 1706 399 1762 pro
415 1703 518 1742 amore
533 1684 659 1742 fautoris
675 1686 766 1742 vestri
790 1687 870 1744 beati
892 1689 973 1745 Petri
988 1689 1128 1764 apostoli,
1143 1703 1176 1746 ut
1191 1692 1264 1748 dum
1279 1692 1317 1746 ad

279 1805 334 1844 nos
359 1786 471 1842 reversi
495 1785 608 1844 luerint
630 1806 699 1843 cum
723 1788 832 1845 effectu
861 1809 972 1861 causae,
998 1805 1067 1849 ante
1093 1791 1316 1848 confessionem

279 1883 376 1957 ipsius
399 1883 455 1938 Dei
473 1883 600 1956 apostoli
627 1902 696 1940 cum
722 1885 864 1942 omnibus
880 1887 1030 1962 episcopis
1052 1901 1082 1946 et
1097 1888 1316 1958 sacerdotibus,

279 1993 369 2054 atque
393 1992 503 2036 cuncto
527 1981 618 2050 clero,
639 1994 755 2052 senatu,
772 1995 801 2038 et
824 1983 965 2041 universo
990 1998 1095 2042 nostro
1118 1987 1243 2060 populo,
1262 2002 1316 2058 pro

277 2091 377 2135 vestra
392 2078 539 2151 sospitate
555 2089 644 2149 atque
664 2076 855 2149 longaevitate
872 2091 901 2134 et
916 2079 1099 2136 exaltatione
1122 2081 1206 2154 regni
1225 2079 1317 2136 vestri

279 2175 413 2232 Domino
425 2175 551 2232 sundere
564 2173 717 2230 valeamus
732 2191 847 2247 preces,
862 2187 894 2232 ut
908 2176 980 2232 aevis
993 2177 1180 2251 temporibus
1189 2175 1317 2232 Eximie·

278 2284 373 2330 tatem
387 2272 527 2328 Vestram
540 2287 720 2328 conservare
735 2271 931 2346 dignetur,ad
945 2275 1159 2332 exaltationem
1173 2273 1317 2349 spiritalis

280 2369 386 2426 matris
400 2381 507 2426 vestrae
528 2381 639 2426 sanctae
656 2369 710 2426 Dei
728 2371 870 2426 Romanae
887 2369 1043 2441 Ecclesiae,
1060 2383 1090 2428 et
1107 2371 1185 2427 sicut
1199 2383 1318 2426 terrena

280 2467 392 2542 gaudia
404 2467 531 2541 largitus
546 2478 600 2536 est,
613 2465 654 2523 ita
669 2479 698 2524 et
712 2465 848 2523 coelestia
863 2466 977 2525 tribuat
992 2468 1185 2542 sempiterna.
1201 2467 1319 2524 Incolu-

281 2583 362 2622 mem
378 2564 598 2622 Excellentiam
613 2565 751 2621 Vestram
766 2565 862 2637 gratia
877 2583 1008 2638 superna
1024 2565 1183 2624 custodiat.

376 2679 531 2744 [Patr-olog.
543 2679 607 2741 tac,
620 2687 639 2727 t.
655 2677 775 2738 xcvltt,
788 2677 851 2728 Col.
868 2678 1008 2744 304-307.]

784 2870 831 2938 34.

581 2994 731 3050 Donation
749 2995 1023 3054 Constantinienne.

322 3158 407 3194 «.,...
426 3137 486 3190 Pro
502 3151 562 3207 quo
578 3135 776 3193 concedimus
791 3137 864 3212 ipsis
879 3139 992 3196 sanctis
1007 3140 1173 3215 Apostolis,
1190 3143 1322 3199 dominis

285 3234 361 3291 meis
376 3230 559 3290 beatissimis
572 3233 662 3289 Petro
674 3247 703 3290 et
719 3235 823 3303 Paulo,
837 3248 866 3292 et
878 3253 933 3310 per
947 3253 998 3292 eos
1011 3237 1101 3296 etiam
1116 3240 1203 3295 beato
1215 3240 1324 3296 Silves-

284 3347 332 3392 tro
346 3330 425 3407 patri
438 3342 554 3400 nostro,
571 3349 691 3386 summo
706 3332 853 3404 pontifici,
870 3345 899 3390 et
914 3333 1094 3391 universalis
1113 3336 1197 3392 urbis
1218 3338 1323 3394 Romae

285 3450 383 3506 papae,
400 3443 429 3488 et
444 3429 586 3487 omnibus
606 3429 670 3501 ejus
694 3428 919 3484 successoribus
934 3430 1142 3504 pontificibus,
1159 3433 1211 3506 qui
1225 3451 1323 3506 usque

286 3530 318 3587 in
333 3529 425 3585 finem
446 3525 562 3594 mundi,
577 3525 608 3581 in
626 3524 696 3580 sede
720 3524 799 3580 beati
826 3524 906 3582 Petri
928 3539 1016 3583 erunt
1040 3529 1163 3598 sessuri,
1180 3543 1270 3604 atque
1286 3535 1323 3588 de

285 3625 429 3701 praesenti
449 3621 657 3681 contradimus
677 3621 822 3695 palatium
846 3622 963 3696 imperii
988 3625 1083 3682 nostri
1107 3627 1321 3702 Lateranense,

287 3723 368 3799 quod
384 3721 527 3778 omnibus
543 3721 574 3778 in
588 3733 653 3778 toto
670 3721 743 3776 orbe
757 3733 906 3778 terrarum
920 3723 1078 3796 praefertur
1092 3725 1182 3798 a'tque
1197 3728 1324 3800 praecel-

286 3823 322 3880 lit
340 3821 461 3896 palatiis
478 3820 608 3876 :deinde
624 3819 773 3888 diadema,
789 3820 929 3878 videlicet
940 3825 1083 3878 co'ronam
1095 3823 1201 3896 capitis
1217 3826 1323 3895 nostri,

287 3919 439 3991 simulque
454 3915 625 3992 phrygium,
642 3915 728 3972 idest
740 3917 871 3986 mitram,
886 3935 1006 3974 necnon
1022 3932 1051 3976 et
1066 3921 1322 3994 superhumerale,

288 4015 429 4074 videlicet
444 4015 544 4071 lorum
561 4013 643 4087 quod
667 4014 822 4088 imperiale
847 4016 1036 4073 circumdare
1056 4019 1167 4075 assolet
1189 4019 1324 4077 collum:

288 4132 392 4170 verum
427 4112 517 4170 etiam
555 4125 584 4168 et
614 4111 804 4185 chlamydem
839 4131 1033 4187 purpuream,
1071 4127 1161 4190 atque
1191 4116 1325 4172 tunicam

288 4212 473 4283 coccineam,
487 4223 515 4266 ot
536 4207 645 4264 :omnia
660 4207 816 4282 imperalia
836 4209 1026 4284 indumenta,
1043 4229 1095 4271 seu
1112 4213 1203 4272 etiam
1227 4214 1324 4288 digni-
