3290 5066
364 491 432 578 374
560 517 668 562 novus
689 515 729 560 ur
750 503 878 562 2202222
904 506 1208 574 2222210200202222

363 763 540 812 contenant
577 751 605 811 le
636 749 708 812 bois
736 751 776 811 de
810 752 841 813 12
871 751 957 812 vraie
989 752 1092 814 Croix
1129 767 1159 812 et
1194 751 1241 813 les
1276 749 1398 813 saintes

364 837 498 938 Epines,
515 857 595 918 dont
609 855 670 918 elle
685 854 770 918 avait
788 855 844 916 lait
860 857 989 936 present
1005 858 1023 918 a
1043 856 1164 937 l’eglise
1187 855 1227 919 de
1250 856 1397 918 Bozzolo

364 962 446 1045 (Fig.
467 967 531 1044 50).

403 1070 457 1132 02
489 1069 525 1131 112
554 1088 593 1130 22
630 1088 768 1149 exergue
807 1084 927 1130 autour
962 1069 1019 1129 des
1043 1070 1128 1130 deux
1159 1068 1348 1151 reliquaires
1384 1089 1392 1132 z

600 1195 642 1236 ss.
667 1194 788 1250 caucis,
804 1194 834 1238 2.
852 1194 948 1235 samm
964 1193 1155 1236 rnastuaus.

224 1397 347 1448 ,urucas
402 1365 454 1422 Au
479 1376 622 1423 couvent
645 1361 684 1422 de
703 1361 748 1422 La
770 1361 911 1422 Porterie
929 1361 968 1421 de
990 1361 1126 1442 Bruges,
1153 1381 1198 1424 un
1225 1361 1396 1422 charmant

267 1480 336 1510 Ἠ·
363 1468 537 1550 reliquaire
563 1467 606 1528 du
627 1477 680 1530 xv·
703 1467 800 1528 siecle
824 1467 985 1529 renlerme
1007 1487 1072 1529 une
1096 1467 1190 1548 e'pine
1216 1466 1298 1548 (Fig.
1325 1467 1393 1546 51);

363 1575 446 1638 mais
462 1595 518 1637 sur
533 1577 606 1650 elle,
627 1595 712 1637 nous
730 1577 865 1637 n’avons
881 1595 989 1638 aucun
1006 1575 1280 1657 renseignement.

218 1794 346 1840 emm
404 1760 465 1821 Les
480 1760 561 1821 trois
585 1759 783 1822 inventaires
807 1761 846 1821 de
862 1759 892 1821 la
912 1759 1096 1822 cathedrale
1113 1761 1152 1821 de
1175 1759 1329 1823 Cambtai
1350 1761 1393 1822 du

268 1863 326 1923 ¹³⁵9
364 1868 403 1929 26
418 1885 504 1927 mars
525 1868 616 1946 1359,
634 1867 676 1926 du
695 1883 732 1927 22
751 1867 927 1927 novembre
949 1866 1030 1944 1384
1045 1882 1074 1927 et
1096 1867 1136 1927 de
1157 1887 1249 1948 2402,
1267 1866 1395 1948 publids

362 1990 420 2052 par
460 1972 534 2052 Mgr
566 1970 748 2032 Dehaisnes
779 1971 798 2046 ¹,
831 1971 997 2033 decrivent
1026 1972 1112 2033 deux
1136 1971 1327 2053 reliquaires
1355 1974 1394 2033 de

363 2075 484 2138 saintes
503 2057 637 2158 Epines.

401 2261 486 2334 1359.
511 2283 574 2313 -2
597 2263 680 2330 12222,
706 2279 820 2316 202022
844 2279 951 2334 magna
971 2277 1121 2336 argentea,
1146 2263 1178 2317 in
1207 2262 1287 2318 omni
1311 2275 1396 2334 parte

361 2357 515 2426 deaurata,
528 2358 558 2414 in
574 2377 632 2431 qua
649 2372 718 2414 sunt
731 2360 816 2413 llllor
830 2376 939 2430 quasse
950 2359 1155 2432 reliquiarum,
1169 2359 1198 2414 in
1214 2357 1309 2431 prima
1325 2375 1398 2432 qua-

360 2473 426 2511 rum
458 2455 631 2514 continetur
666 2456 703 2512 de
734 2454 850 2528 capillis
880 2459 975 2513 beatae
1005 2457 1110 2513 Mariae
1141 2457 1341 2529 Magdalenae.
1365 2457 1396 2513 in

360 2552 492 2607 secunda
502 2552 539 2608 de
550 2551 645 2625 spinis
656 2567 685 2608 22
701 2569 814 2608 202022
828 2567 855 2608 22
871 2553 976 2609 lancea
987 2552 1117 2622 Domini,
1131 2553 1163 2608 in
1176 2551 1265 2609 tertia
1277 2553 1314 2610 de
1329 2571 1397 2610 ves-

360 2647 492 2705 timentis
508 2663 536 2705 22
552 2649 676 2706 22212210
688 2650 822 2720 Domini,
837 2651 982 2724 inquarta
998 2652 1035 2709 de
1048 2653 1188 2724 sepulcro
1205 2652 1349 2720 Domini;
1366 2667 1396 2710 et

360 2757 405 2800 est
418 2745 497 2801 dicta
511 2763 624 2801 corona
635 2745 666 2801 in
682 2745 796 2802 lactura
815 2749 900 2802 111102
917 2766 1094 2821 magnorum
1106 2747 1250 2804 loliorum
1267 2749 1398 2805 existen-

359 2840 435 2898 tium
455 2859 544 2914 supra
561 2841 704 2915 reliquias
724 2843 875 2914 predictas
891 2859 920 2901 22
937 2847 1024 2900 111102
1043 2845 1185 2900 loliorum
1198 2845 1395 2901 mediocrium

361 2955 430 2994 cum
444 2937 544 3008 loliis;
559 2937 690 2995 exterius
703 2953 810 2995 022222
830 2942 866 2996 212
880 2941 1009 2998 21220112
1027 2941 1176 3016 argenteis
1197 2956 1226 2998 et
1242 2941 1396 3014 lapidibus

361 3035 508 3107 preciosis
524 3054 593 3092 cum
609 3049 740 3110 quatuor
765 3037 965 3109 coopertoriis
983 3037 1020 3092 de
1035 3037 1227 3111 ymaginibus
1244 3036 1396 3110 argenteis

362 3133 514 3190 deauratis
530 3133 729 3190 existentibus
749 3151 841 3206 supra
862 3133 1004 3206 reliquias
1019 3133 1180 3205 predictas,
1205 3133 1278 3191 etin
1295 3135 1396 3191 medio

362 3247 475 3287 corone
491 3243 537 3287 est
552 3248 626 3286 crux
641 3245 782 3305 argentea
798 3231 941 3287 deaurata
961 3231 998 3287 ad
1015 3231 1206 3303 pendendum
1228 3232 1274 3286 vel
1294 3246 1396 3288 tenen·

363 3330 434 3386 dum
451 3329 564 3385 dictam
585 3346 741 3398 coronam,
758 3343 787 3386 et
806 3330 836 3385 12
860 3330 964 3384 eadem
986 3347 1099 3385 corona
1122 3329 1272 3386 deliciunt
1295 3343 1397 3386 tamen

363 3424 512 3498 quaedam
526 3425 645 3482 vineole
661 3425 740 3482 inter
753 3427 931 3482 crucifixum
945 3440 975 3482 et
990 3427 1172 3498 sepulcrum.
1189 3428 1263 3498 »(1).
1278 3427 1343 3500 397)

404 3601 623 3664 L'inventaire
639 3603 677 3663 de
705 3623 779 3682 1401
810 3623 850 3664 22
877 3603 933 3664 1212
958 3623 1021 3684 quc
1043 3605 1216 3684 reprendre
1237 3603 1267 3665 la
1292 3607 1398 3662 meme

364 3705 564 3788 description
581 3707 622 3788 (p.
641 3709 726 3787 804).
745 3707 839 3770 Celui
857 3709 900 3769 du
926 3727 964 3768 22
987 3709 1164 3769 novembre
1191 3709 1272 3789 1364
1294 3723 1340 3768 est
1356 3725 1396 3768 au

364 3811 527 3875 contraire
543 3811 693 3874 dille'rent
710 3830 717 3874 :
737 3812 818 3874 mais
831 3833 867 3874 ce
881 3813 937 3894 qui
954 3831 1000 3875 est
1017 3829 1224 3894 surprenant,
1241 3813 1318 3875 c'est
1334 3829 1397 3892 que

365 3939 400 3980 ce
417 3917 589 4000 reliquaire
603 3917 821 3999 n’apparaisse
840 3918 872 3980 ni
894 3919 975 3980 dans
991 3919 1194 3981 l'inventaire
1210 3916 1396 4000 precedent,

366 4025 399 4087 ni
415 4027 496 4086 dans
512 4022 715 4086 l'inventaire
732 4025 872 4086 suivant.
1342 4025 1345 4032 '

401 4251 423 4290 t.
450 4236 526 4292 L'avl
545 4235 614 4294 dans
635 4237 674 4291 les
694 4235 840 4298 Fiaudres,
857 4251 902 4302 pp.
918 4235 979 4304 397,
995 4237 1056 4304 453,
1073 4237 1133 4302 804.
