3286 5086
578 491 620 534 nn
645 488 767 534 sninrr.
790 487 973 534 counornnr
1222 467 1288 534 265

292 747 304 778 a
322 727 380 782 Les
397 725 469 781 Rois
491 725 528 781 de
548 709 712 796 l’Epinette
727 721 852 779 alloient
870 734 939 779 tous
951 723 995 778 les
1010 739 1064 779 ans
1079 740 1138 779 aux
1152 724 1291 782 Domini-

211 867 213 872 .
254 822 339 879 coins
354 822 485 880 honoret
497 823 527 878 la
540 821 636 878 sainte
653 808 750 894 Epioe
764 819 816 893 qui
837 820 927 877 estoit
938 822 1011 877 dans
1021 837 1055 876 ce
1070 821 1292 893 temps-iddans

253 935 314 974 une
329 920 443 992 grande
457 919 644 975 veneration.
662 919 749 974 Certe
762 917 920 990 precieuse
932 917 1047 990 relique
1059 917 1141 974 avoit
1156 919 1203 975 e'te'
1219 920 1293 975 don-

255 1017 310 1072 nee
326 1035 381 1090 par
398 1017 512 1074 Jeanne
528 1017 566 1074 de
582 1014 837 1088 Constantinopie
858 1017 875 1070 a
898 1015 930 1070 F.
947 1017 1078 1088 Jacques
1099 1016 1203 1086 Hales,
1226 1017 1293 1074 reii-

254 1111 343 1186 gieux
356 1113 393 1168 de
404 1128 439 1168 ce
454 1123 585 1170 couvent
604 1124 633 1169 et
646 1110 822 1168 confesseur
834 1112 871 1169 de
886 1124 964 1168 cette
978 1111 1143 1186 princesse.
1161 1133 1174 1164 a

294 1289 390 1352 Voiia
405 1305 478 1352 tout
497 1310 533 1352 ce
559 1309 623 1371 que
644 1290 804 1352 l'histoire
833 1273 918 1352 noos
938 1291 1083 1372 apprend
1109 1291 1148 1351 de
1172 1289 1292 1372 l'dpine

254 1415 318 1478 que
338 1395 496 1479 Rayssius
513 1396 733 1478 ¹remarquait
745 1395 825 1458 chez
839 1397 887 1458 les
901 1395 1131 1458 Dominicains
1142 1397 1181 1457 de
1196 1395 1291 1458 Lille.

296 1504 477 1566 Uneautre
494 1501 589 1583 dpine
614 1522 648 1563 se
670 1501 814 1564 trouvait
838 1503 855 1564 d
881 1502 912 1563 ia
938 1500 1108 1582 collegiale
1131 1503 1170 1563 de
1187 1501 1294 1564 Saint-

257 1611 381 1673 Pierre.
404 1605 516 1668 Millin
531 1605 541 1631 ²
557 1625 641 1668 nous
658 1625 676 1668 a
691 1605 848 1668 conservd
870 1605 899 1666 ie
923 1605 1033 1666 dessin
1057 1607 1101 1666 du
1117 1605 1292 1687 reliquaire

255 1713 311 1795 qui
327 1712 357 1774 la
370 1711 537 1774 contenuit
553 1711 638 1792 (Fig.
661 1711 722 1791 18).
736 1711 819 1774 Mais
830 1731 915 1774 nous
931 1711 1066 1775 n'nvons
1083 1731 1139 1774 sur
1158 1731 1208 1790 ses
1228 1712 1292 1774 ori-

255 1819 348 1902 gines
364 1837 427 1900 que
439 1817 496 1878 des
508 1815 765 1897 pre'somptions.
781 1815 843 1878 Les
858 1817 970 1898 leoons
991 1816 1035 1878 du
1056 1813 1231 1880 Bre'viaire
1251 1816 1291 1878 de

255 1918 644 1994 Saint-Pierre-en·Lille‚
657 1919 777 1980 editees
788 1939 846 2000 par
854 1918 953 1982 Riant
962 1919 984 1992 ³,
995 1919 1123 2002 parient
1133 1921 1190 1982 des
1198 1939 1292 1982 norn-

254 2031 386 2090 breuses
407 2026 550 2107 reliques
572 2027 746 2106 possedeas
771 2044 828 2107 par
843 2025 874 2088 la
889 2025 1083 2107 Colldgiale,
1100 2026 1290 2112 auxqoelies

256 2134 416 2196 Gauthier
451 2135 491 2195 de
516 2132 682 2208 Courtrai,
712 2132 898 2195 chancelier
921 2137 960 2196 de
991 2135 1181 2212 Baudouin,
1208 2135 1289 2213 vint,

256 2241 348 2320 apres
363 2238 395 2301 la
410 2255 495 2300 mort
515 2239 554 2300 de
578 2239 796 2320 l'Empereur,
813 2239 939 2320 ajouter
961 2257 1007 2300 un
1030 2241 1113 2302 beau
1136 2260 1289 2305 morceau

156 2356 159 2360 '
256 2344 295 2408 de
319 2343 350 2407 la
381 2343 469 2407 vroie
485 2345 597 2408 Croix.
615 2345 729 2406 Est-ce
745 2345 763 2406 ὲ
777 2343 824 2405 lui
840 2345 920 2424 qu'il
937 2344 1007 2406 faut
1022 2346 1203 2426 egolement
1218 2367 1287 2430 rap-

256 2467 366 2534 portet
380 2451 410 2514 le
426 2450 493 2514 don
509 2452 548 2514 de
576 2451 607 2516 la
627 2451 731 2514 sainte
760 2435 866 2534 Epioe
888 2470 952 2532 que
968 2471 1054 2515 nous
1069 2467 1288 2515 rencontrons

256 2557 322 2620 ici?
337 2559 389 2620 En
409 2573 481 2619 tout
493 2562 556 2620 etat
567 2558 606 2620 de
632 2576 740 2636 cause,
756 2576 840 2619 nous
864 2576 905 2619 ne
920 2557 1057 2620 devions
1072 2577 1129 2641 pas
1149 2575 1287 2622 omettre

256 2665 296 2727 de
310 2665 342 2728 la
355 2663 506 2746 signaier.

296 2849 514 2911 L'inventaire
536 2849 576 2910 de
595 2849 688 2922 1322,
705 2849 829 2932 signale
853 2850 882 2912 le
904 2850 1079 2932 reliquaire
1106 2850 1284 2914 suivant⁴z
1308 2877 1457 2934 cain-m,

1345 2947 1411 2993 1322.

291 3056 304 3086 a
322 3035 357 3091 lt.
375 3034 529 3108 quoddam
544 3051 596 3091 vas
610 3033 641 3090 in
654 3052 715 3108 quo
728 3035 884 3108 reponitur
899 3035 936 3092 de
949 3034 1032 3108 ligno
1045 3048 1156 3093 sanctae
1168 3036 1285 3106 Crucis,

256 3131 286 3188 in
301 3149 358 3204 quo
373 3147 443 3188 vase
458 3131 569 3190 debent
582 3149 647 3189 esse
660 3132 796 3206 reliquiae
812 3149 879 3206 quae
896 3144 1084 3204 sequuntur:

256 3256 296 3305 De
305 3266 381 3306 vaste
393 3269 542 3320 purpurea.
810 3256 841 3306 It.
857 3256 943 3322 spinae
958 3255 1074 3306 Coronae
1088 3255 1209 3306 Domini.

257 3343 287 3393 it.
303 3345 337 3394 de
348 3359 440 3410 panno
455 3359 510 3410 quo
522 3354 669 3410 coopertus
679 3345 732 3396 fuit
811 3343 842 3396 it.
857 3345 891 3394 de
902 3343 1163 3409 SanguineChristi.

286 3431 366 3484 Jesus
377 3434 405 3483 in
420 3448 511 3496 cruce,
523 3433 596 3484 circa
611 3447 699 3484 renes.
812 3433 842 3482 it.
854 3433 887 3482 de
903 3446 1001 3482 razura
1020 3432 1054 3482 de
1075 3433 1216 3484 clavorum
1234 3435 1288 3485 Do-

257 3525 292 3577 It.
308 3524 342 3574 de
356 3536 426 3572 zona
439 3522 531 3572 Beatae
546 3521 651 3572 Mariae.
844 3521 923 3571 mini.

257 3613 288 3664 lt.
303 3613 337 3662 de
352 3610 451 3676 pannis
468 3610 571 3675 quibus
586 3609 639 3660 fuit
656 3609 734 3660 invo-
814 3609 844 3659 lt.
856 3609 890 3660 de
903 3609 1018 3662 sindone
1032 3613 1148 3662 munda.

287 3700 451 3751 lotusJesus
463 3699 594 3764 prodiens
608 3712 641 3748 ex
655 3707 734 3749 utero
815 3697 846 3748 it.
862 3699 917 3750 alia
930 3699 1075 3750 sainturia.
1091 3719 1103 3744 a

287 3789 419 3856 Virginis.

292 3973 313 4007 1.
326 3957 358 4008 Ο.
377 3971 412 4023 c.‚
427 3972 452 4023 p.
470 3955 532 4008 361.
844 3971 871 4020 4.
894 3953 975 4020 Mely,
994 3955 1034 4006 Le
1051 3956 1138 4007 tresor
1155 3956 1189 4008 de
1205 3955 1290 4006 Char-

290 4060 315 4096 2.
326 4045 482 4112 Antiquitls
493 4044 666 4104 Nationaies,
679 4045 733 4104 t.V‚
816 4050 879 4094 tres.
894 4043 982 4104 Paris,
997 4043 1105 4116 Picard,
1124 4043 1199 4108 1885,
1211 4044 1289 4110 in-8⁰‚

258 4134 410 4198 pi.v111‚p.
426 4149 471 4198 74.
815 4152 843 4214 p.
867 4149 926 4198 roo¹
967 4141 972 4152 '

291 4221 314 4284 3,
328 4221 454 4285 Exuvia,
470 4233 492 4285 τ,
508 4220 541 4292 ΙΙ,
556 4237 582 4294 p,
594 4221 619 4286 8,
