3312 5060
349 471 412 540 156
525 489 634 536 noras
660 488 701 534 er
726 473 855 533 arunas
882 473 1188 544 arcunoroorouus

339 611 778 628 ———.....-........

835 804 881 859 38.

816 971 902 1015 1000.

374 1093 515 1164 [Sanctus
538 1090 670 1162 Brunus]
686 1105 787 1162 regem
811 1088 925 1162 Ungrie
945 1089 1119 1164 baptizavit,
1135 1091 1188 1164 qui
1211 1093 1377 1150 vocabatur

341 1189 436 1258 Gouz,
451 1199 481 1244 et
496 1199 612 1245 mutato
628 1185 751 1243 nomine
764 1185 795 1242 in
809 1185 961 1272 baptismo
978 1187 1166 1260 Stephanum
1178 1189 1297 1246 vocavit
1312 1190 1330 1247 ¹.

374 1289 472 1357 Quem
493 1287 554 1343 Oto
574 1286 739 1360 imperator
760 1285 792 1342 in
813 1284 906 1342 natali
934 1284 1159 1357 protomartiris
1186 1286 1331 1360 Stephani
1359 1305 1376 1344 a

341 1382 523 1456 baptismate
541 1383 669 1456 excepit,
685 1395 714 1439 et
734 1399 860 1456 regnum
883 1380 910 1438 ei
926 1379 1080 1438 liberrime
1094 1381 1207 1440 habere
1226 1384 1376 1458 permisit,

338 1481 414 1537 dans
436 1480 463 1537 ei
490 1479 645 1538 licentiam
669 1480 746 1537 ferre
760 1481 912 1537 Lanceam
938 1496 1054 1535 sacram
1080 1481 1204 1555 ubique,
1220 1481 1298 1539 sicut
1319 1481 1377 1555 ipsi

338 1579 517 1652 Imperatori
542 1597 609 1636 mos
636 1591 690 1649 est,
711 1591 741 1636 et
763 1579 907 1652 reliquias
927 1595 963 1634 ex
984 1575 1085 1634 Clavis
1101 1589 1130 1634 et
1149 1577 1256 1634 lancea
1279 1576 1376 1634 sancti

339 1676 479 1734 Mauricii
495 1677 522 1734 ei
538 1676 688 1734 concessit
704 1676 735 1733 in
749 1677 873 1750 propria
888 1677 1002 1732 lancea.

431 1799 572 1863 [Ademari
598 1800 787 1852 Historiarum
808 1801 854 1852 lib.
884 1799 936 1860 111,
969 1815 1013 1866 ap.
1035 1799 1122 1862 Perta,
1150 1798 1261 1866 Script„
1284 1807 1305 1850 t.
1330 1798 1375 1861 lv,

399 1904 445 1954 pr·
461 1887 599 1956 ¹29·130·l

825 2109 873 2181 39.

772 2271 813 2319 ιι·
834 2260 935 2320 siecle.

373 2414 452 2469 Cum
467 2411 547 2468 enim
568 2427 676 2468 omnes
693 2411 847 2486 [Ungariae
862 2410 979 2485 populi]
997 2411 1096 2468 adhuc
1109 2411 1248 2470 infideles
1263 2425 1373 2482 essent,

338 2509 500 2567 Heinricus
523 2507 688 2582 imperator
717 2509 755 2565 ad
774 2508 844 2564 fidei
871 2508 1030 2565 catholicae
1056 2509 1281 2566 confessionem
1304 2509 1373 2565 illos
1420 2567 1422 2571 ,

336 2612 476 2670 adtraxit.
494 2611 585 2681 Quod
600 2624 633 2667 ut
647 2607 766 2666 facilius
786 2607 883 2679 fieret,
899 2625 1036 2665 sororem
1056 2625 1141 2664 suam
1159 2607 1292 2666 Giselam
1310 2609 1374 2665 Ste-

334 2709 436 2784 phano
450 2707 512 2782 regi
523 2725 629 2764 eorum
644 2705 839 2764 matrimonio
851 2705 1004 2779 copulavit
1015 2707 1102 2778 [etad
1117 2706 1248 2780 insignia
1261 2707 1373 2782 regalia

337 2808 488 2864 Lanceam
504 2805 597 2862 Clavo
610 2803 771 2861 Dominice
785 2803 937 2878 passionis
953 2803 1128 2882 insignitam
1143 2806 1323 2880 addiderat].

426 2929 579 2995 [Adalberti
597 2929 659 2981 Vita
670 2929 789 2980 Henrict'
803 2929 835 2980 11
846 2931 981 2997 imperat„
1002 2945 1046 2996 ap.
1058 2931 1145 2992 Perta,
1166 2929 1279 2996 Sci-ipe,
1295 2938 1313 2980 t.
1325 2929 1370 2993 lV,

398 3033 427 3083 p.
441 3017 514 3083 810.]

831 3232 878 3284 40.

820 3383 900 3435 1044.

374 3497 527 3556 Henricus
555 3498 731 3574 imperator,
754 3499 864 3556 iterum
894 3499 1083 3573 Hungariam
1106 3499 1272 3576 ingressus,
1303 3521 1371 3560 curn

339 3597 444 3670 paucis
469 3597 632 3656 Obbonem
644 3615 745 3672 regem
761 3598 798 3654 de
814 3597 894 3654 bello
909 3596 1024 3671 fugavit
1039 3610 1068 3656 et
1081 3598 1230 3671 lanceam,
1255 3600 1372 3675 insigne

340 3693 441 3769 Regis,
457 3695 581 3768 recepit.

401 3817 702 3884 [SigebertiGemblac.
723 3817 885 3881 Chronicon‚
901 3819 935 3868 ad
958 3833 1064 3870 annum
1086 3819 1172 3884 1044]

317 4141 320 4146 Ι
374 4079 395 4114 r.
414 4065 489 4130 [llaec
504 4079 616 4131 quoquc
638 4067 719 4119 valde
740 4077 805 4120 sunt
827 4067 999 4120 conturbata.
1015 4069 1108 4134 Geisrr,
1125 4083 1173 4122 rex
1188 4071 1374 4137 Ungarorum,

340 4151 430 4204 lilium
454 4152 552 4204 habuit
571 4153 780 4220 Stephanum,a
801 4166 895 4206 sancto
916 4157 1065 4209 Adalberto
1081 4158 1373 4226 baptizatum3ipsum

340 4241 439 4293 eodem
450 4241 563 4293 nornine
574 4243 744 4308 appellatum
758 4243 855 4310 fuisse,
867 4259 949 4298 nemo
962 4247 1065 4313 tradit]
