3314 5052
344 383 412 451 238
439 403 442 409 ·
538 400 647 450 notus
671 401 713 450 aa
737 386 867 450 arunas
891 387 1197 461 nncuaotootouus

244 661 248 670 *
342 653 433 699 entre
454 637 501 699 les
522 637 658 701 Comtes
681 637 720 701 de
736 637 765 700 T
768 637 908 698 oulouse
923 651 954 698 et
973 636 1005 698 la
1023 655 1105 722 cour
1128 638 1167 699 de
1188 635 1376 701 Constanti-

342 744 441 826 nople
456 761 464 806 ε
481 745 499 808 e'
514 745 545 807 la
560 743 605 807 fin
620 747 665 808 du
681 755 723 808 κε’
738 745 847 823 siecle,
863 745 910 807 les
921 744 1030 807 lettres
1045 745 1188 808 d‘Alexis
1205 746 1377 810 Comnene
1436 731 1438 734 ⁵

342 850 361 912 a
386 851 561 934 Raymond
588 854 628 914 de
652 851 879 928 Salat-Gilles,
898 851 1135 933 temoignaient
1165 853 1206 914 de
1229 851 1376 934 l’impor-

342 971 435 1020 tance
447 959 487 1020 de
503 959 590 1021 leurs
611 958 777 1022 relations.
801 957 900 1020 Enlin
921 957 952 1019 la
976 957 1132 1019 tradition
1148 956 1378 1039 affirmaitque

342 1063 389 1126 les
415 1063 556 1146 reliques
580 1065 618 1126 de
648 1063 875 1128 Saint-Sernin
904 1064 944 1124 de
967 1061 1139 1126 Toulouse
1164 1063 1317 1126 venalem
1337 1064 1377 1126 de

344 1169 494 1251 Byzance
524 1190 531 1233 :
561 1169 645 1233 mais
673 1188 800 1233 aucune
829 1169 919 1250 piece
955 1167 1225 1250 contemporaine
1260 1169 1378 1233 n'avait

342 1277 495 1360 jusqu'ici
515 1275 691 1339 corrobore
713 1291 795 1337 cette
824 1293 993 1356 croyance.
1027 1275 1082 1338 Un
1113 1274 1293 1338 inventaire
1319 1276 1376 1338 des

342 1381 485 1463 reliques
513 1382 553 1442 de
577 1377 868 1460 Saint-Trophime
897 1379 1036 1458 d’Arles,
1058 1379 1103 1441 du
1134 1400 1170 1441 12
1193 1381 1377 1462 septembre

327 1489 438 1560 '1152,
465 1485 576 1570 publie
590 1506 647 1568 par
670 1487 716 1548 M.
739 1485 769 1547 le
783 1485 947 1547 chanoine
969 1487 1017 1550 U.
1047 1486 1221 1549 Chevalier
1243 1487 1263 1564 ¹,
1287 1486 1376 1550 vient

340 1614 426 1658 nous
453 1608 607 1676 apportet
635 1593 668 1656 la
701 1593 790 1675 piece
827 1592 884 1674 qui
908 1613 993 1655 nous
1023 1594 1194 1676 manquait
1224 1611 1255 1656 et
1285 1614 1372 1656 nous

341 1699 420 1762 faire
441 1701 611 1788 connaitre
638 1699 798 1780 quelques
824 1717 905 1759 unes
931 1699 988 1760 des
1013 1698 1155 1780 reliques
1177 1719 1290 1782 reques
1318 1717 1376 1780 par

342 1805 518 1885 Raymond
542 1804 582 1866 de
603 1803 694 1866 Saint
710 1802 814 1866 Gilles
840 1803 858 1865 ε
881 1803 1170 1886 Constantinople‚
1197 1804 1295 1867 celles
1317 1803 1374 1884 qui

340 1910 449 1976 iurent
464 1908 633 1991 apporle'es
648 1909 666 1970 a
682 1908 788 1970 Arles.

377 2139 389 2172 a
411 2119 485 2176 Item
502 2119 534 2176 in
558 2118 665 2192 majori
689 2137 778 2177 eruce
799 2133 950 2194 argentea,
972 2120 1120 2194 incapite
1143 2119 1299 2192 Crucifiai,
1315 2137 1375 2194 que

341 2215 373 2272 in
392 2215 475 2275 lestis
491 2217 599 2274 diebus
615 2216 645 2273 in
660 2217 856 2290 processione
869 2219 1014 2288 defertur,
1028 2231 1098 2276 sunt
1113 2217 1269 2275 recondite
1286 2223 1373 2275 sanc·

337 2327 440 2374 torum
454 2319 619 2376 multorum
635 2317 773 2392 reliquie,
785 2320 822 2376 de
837 2320 948 2376 Sancta
964 2320 1086 2375 Corona
1102 2319 1225 2375 Domini
1239 2330 1268 2375 et
1285 2319 1373 2375 desu-

338 2433 393 2490 per
403 2415 600 2487 Crucilirtum,
612 2429 657 2474 est
671 2433 762 2489 parva
772 2434 844 2472 crux
856 2418 892 2473 de
906 2416 989 2490 ligno
1001 2415 1120 2472 vivifice
1136 2414 1254 2486 Crucis,
1267 2431 1373 2489 argen-

305 2584 310 2594 Ι
338 2523 420 2570 teum
432 2515 515 2588 quod
526 2527 570 2571 est
583 2513 614 2569 in
630 2513 758 2570 ecclesia
770 2513 835 2585 ipsa
849 2512 1036 2571 Arelatensi:
1053 2513 1218 2586 imperator
1227 2513 1374 2569 Constan-

338 2609 420 2667 tinus
448 2624 582 2681 0ctavus‚
600 2610 780 2684 Raymundo
802 2609 906 2667 comiti
933 2611 963 2667 S.
991 2609 1104 2684 egidii,
1127 2608 1374 2685 Hierosolymam

338 2725 407 2764 curn
427 2707 560 2763 exercitu
579 2707 796 2780 proficiscenti,
821 2707 920 2782 ipsum
944 2707 1116 2781 preciosum
1132 2707 1274 2781 Lignum,
1303 2725 1372 2772 cum

337 2803 468 2861 maxima
483 2802 646 2860 devotione
660 2815 688 2860 et
704 2803 927 2878 supplicatione
942 2803 1119 2878 postulanti,
1129 2805 1167 2861 de
1183 2821 1236 2868 sua
1250 2802 1373 2878 propria

337 2899 461 2975 Capella
476 2899 610 2970 donavit,
627 2901 710 2972 quod
729 2901 910 2958 venerabilis
934 2901 1255 2976 memorieAycardus,
1273 2917 1372 2973 quon·

337 2997 407 3052 darn
421 2995 607 3052 Arelatensis
626 2997 894 3072 archiepiscopus,
906 3000 942 3056 de
953 2997 1164 3055 transmarinis
1175 2997 1295 3054 rediens
1305 3013 1373 3070 par·

335 3092 427 3162 tibus,
450 3092 550 3150 attulit
564 3105 593 3151 et
603 3093 701 3152 eidem
713 3095 840 3152 ecclesie
854 3096 993 3154 contulit.
1010 3117 1023 3149 u
1046 3109 1049 3114 ·

377 3269 533 3352 Quoique
561 3291 701 3354 presque
732 3273 1012 3356 contemporaine,
1052 3288 1082 3336 et
1113 3269 1241 3354 pariant
1275 3271 1371 3333 d'une

336 3377 495 3440 donation
509 3378 642 3440 vieillca
659 3379 753 3460 peine
768 3380 807 3441 de
823 3379 999 3461 cinquante
1013 3397 1082 3456 ans,
1100 3393 1181 3441 cette
1197 3377 1287 3460 piece
1300 3376 1372 3458 pre'-

337 3497 426 3542 sente
441 3482 487 3542 de'
497 3481 690 3564 singulieres
707 3503 845 3546 erreurs.

378 3587 1368 3670 tlnepentenaucuncaserrequestiondeConstantinvtll,

335 3692 392 3775 qui
404 3695 552 3775 regnade
564 3693 625 3755 868
643 3695 660 3756 a
676 3695 738 3774 878
759 3695 855 3756 :seul
871 3695 1069 3758 Constantin
1081 3695 1125 3757 Xl
1146 3694 1369 3776 (¹059·¹0⁶7lr

370 3973 393 4006 r.
417 3955 510 4006 Gallia
541 3955 698 4007 Christiana
725 3955 812 4007 novis·
851 3987 854 3994 -
893 3957 974 4007 chan.
1004 3957 1039 4008 U.
1065 3957 1219 4008 chevalier.
1241 3955 1368 4018 Valente,

333 4041 411 4104 aima,
428 4044 537 4109 publie'e
560 4059 609 4110 par
630 4043 675 4095 feu
691 4047 716 4094 le
731 4046 810 4120 ellan.
894 4043 1028 4108 Chale'on,
1040 4045 1237 4110 in-4⁰,iasc.ll,
1251 4061 1277 4110 ρ.
1294 4043 1369 4108 1046.

333 4133 407 4184 J.-H.
431 4133 561 4194 tllbanes,
585 4133 701 4184 annotee
716 4149 766 4199 par
786 4135 811 4185 lc
