3314 5052
574 491 615 535 111
641 489 762 536 satura
786 489 968 536 counouurr
1219 471 1285 537 203

288 749 301 781 r
322 727 383 784 Sed
396 737 457 784 tam
472 724 610 782 miranda
624 736 804 781 ornamenta
822 723 900 780 hanc
920 724 1077 782 basilicam
1098 725 1129 781 S.
1154 726 1234 784 Petri
1250 727 1287 785 de

203 873 205 878 .
251 823 398 882 Solesmis
412 841 473 880 non
486 824 562 880 adeo
576 821 779 896 perillustrem
798 821 928 878 reddunt
943 839 1035 895 quam
1053 839 1114 879 una
1133 839 1169 879 err
1185 823 1287 899 Spinis

252 923 394 992 Coronae,
407 920 505 994 Capiti
522 919 645 976 Domini
661 917 765 975 Nostri
775 919 790 976 J
794 937 848 976 esu
859 918 973 975 Christi
988 919 1019 975 in
1033 921 1175 995 passione
1192 915 1304 998 impe?

252 1021 328 1091 sitae,
350 1037 417 1093 quae
440 1016 553 1074 ibidem
580 1016 809 1090 religiosissime
835 1028 1005 1073 asservatur
1029 1019 1085 1073 sub
1110 1017 1284 1092 chrystallo,

252 1135 343 1194 quam
368 1117 502 1190 angelus,
529 1133 566 1172 ex
585 1132 659 1171 auro
675 1127 704 1171 et
727 1125 850 1188 argento
870 1113 1028 1186 conflatus,
1051 1133 1166 1172 corona
1181 1117 1287 1191 spinea

252 1215 386 1288 ejusdem
409 1211 541 1270 materiae
556 1211 773 1268 circumdatam
792 1229 854 1285 prae
870 1211 1010 1267 manibus
1029 1223 1111 1270 tenet
1118 1230 1126 1284 3
1143 1213 1182 1269 ad
1196 1232 1287 1287 quam

252 1311 445 1381 adorandam,
461 1308 632 1366 devotionis
656 1325 757 1380 causa,
773 1307 905 1382 populus
932 1325 1023 1381 quam
1044 1309 1286 1383 frequentissime

252 1408 386 1465 confluit.
410 1409 574 1480 Asportata
593 1405 685 1462 etiam
710 1405 767 1463 fuit
790 1423 806 1462 e
832 1405 984 1462 Palestina
1008 1424 1025 1462 a
1049 1407 1199 1480 Raulpho,
1224 1408 1286 1466 sive

252 1505 424 1578 Radulpho,
435 1503 551 1562 Sabolii
567 1502 710 1572 Domino,
723 1503 775 1576 qui
789 1519 850 1558 una
865 1520 935 1560 cum
950 1501 1117 1559 Godelrido
1132 1504 1170 1560 de
1181 1505 1286 1560 Bouil-

251 1604 304 1660 lon
331 1603 457 1676 aliisque
483 1601 567 1676 regni
590 1599 779 1675 proceribus,
804 1600 958 1674 proiectus
986 1601 1083 1657 fuerat
1101 1601 1139 1656 ad
1160 1601 1286 1660 Terram

252 1701 393 1758 Sanctam
408 1700 445 1755 ab
461 1697 618 1754 invasione
629 1699 801 1755 Turcorum
821 1697 1009 1754 liberandam
1028 1715 1034 1753 :
1057 1697 1151 1755 hocce
1166 1715 1286 1756 sacrum

249 1796 360 1870 pignus
373 1813 435 1852 suae
451 1794 621 1852 devotionis
637 1794 815 1868 Radulphus
832 1795 1048 1851 asservandum
1066 1793 1189 1852 tradidit
1204 1795 1284 1850 basi-

250 1894 317 1951 licae
342 1889 568 1965 Solesmensi,a
596 1892 659 1948 suis
680 1891 968 1965 praedecessoribus-
987 1892 1121 1949 fundatae
1150 1891 1223 1948 olim
1250 1909 1285 1948 ac

221 1991 224 1996 '
251 1989 548 2066 magnificentissime
561 1991 672 2047 dotatae
685 1989 704 2044 ¹.
726 2009 739 2041 a

289 2167 377 2230 Dom
394 2164 537 2246 Guepin,
554 2165 636 2226 dans
651 2184 686 2226 sa
700 2163 863 2226 brochure
879 2166 1041 2228 Solesmes
1056 2176 1088 2227 et
1100 2167 1185 2227 Dom
1202 2167 1285 2229 Gue-

248 2253 383 2355 rangcr,
401 2271 525 2354 precise
540 2269 623 2332 ainsi
640 2271 671 2332 la
686 2270 908 2353 personnalite'
923 2272 967 2333 du
987 2273 1147 2334 donateur
1165 2291 1172 2333 :
1197 2297 1212 2329 «
1238 2273 1284 2336 Ce

247 2380 297 2442 fut
310 2399 386 2441 sans
402 2379 513 2450 doute,
525 2376 622 2450 dit-il,
637 2377 761 2443 Robcrt
774 2377 819 2438 lV
833 2377 873 2438 de
887 2375 983 2438 Sable'
999 2376 1057 2456 qui
1070 2376 1135 2458 prit
1147 2377 1179 2438 la
1194 2377 1285 2438 croix

247 2503 288 2545 en
308 2483 388 2545 1158
404 2497 434 2544 et
456 2482 566 2563 aequit
581 2501 620 2543 en
644 2482 762 2545 orient
776 2501 841 2544 une
856 2482 978 2562 grande
994 2485 1194 2544 renommee.
1214 2481 1241 2542 ll
1263 2502 1284 2562 y

248 2589 443 2651 commanda
456 2587 487 2650 la
502 2587 592 2650 flotte
607 2589 647 2649 de
664 2588 808 2650 Richard
821 2587 923 2650 Coeur
939 2589 978 2648 de
995 2587 1110 2660 Lion¹,
1121 2587 1170 2648 roi
1182 2589 1283 2652 d'An-

247 2695 382 2774 gleterre
398 2708 427 2756 et
440 2693 568 2774 parvint
581 2694 597 2754 a
612 2693 644 2754 la
659 2693 782 2774 dignita
799 2695 838 2755 de
852 2694 1082 2775 grand-mairie
1097 2695 1137 2756 de
1151 2693 1282 2758 l'Ordre

247 2801 304 2862 des
318 2799 515 2880 Templiers.
534 2799 561 2860 ll
577 2799 681 2861 aurait
696 2799 807 2861 achete
824 2800 842 2861 d
866 2801 968 2880 grand
983 2800 1054 2881 prix
1072 2780 1203 2882 l’Epine
1219 2821 1282 2862 aur

248 2905 349 2969 Grccs
372 2907 411 2966 de
438 2905 723 2986 Constantinople.
756 2929 770 2962 a
801 2905 1126 2968 Malheureusement
1152 2927 1281 2969 comme

246 3010 382 3092 j'ignore
398 3031 454 3072 sur
470 3010 563 3091 quels
579 3011 774 3072 documents
787 3009 932 3092 s’appuie
949 3011 1036 3072 Dom
1048 3011 1179 3094 Guepin
1196 3033 1281 3094 pour

246 3115 353 3196 parler
368 3115 447 3176 d'un
463 3131 580 3196 apport
602 3116 641 3176 de
657 3115 945 3197 Constantinople,
964 3135 1042 3178 sous
1066 3117 1201 3178 Manuel
1213 3119 1280 3180 Co-

246 3221 376 3293 mnene,
392 3218 421 3300 je
437 3219 526 3280 n'ose
538 3238 589 3281 me
605 3238 792 3301 prononcer
805 3236 894 3282 entre
907 3223 995 3284 Dom
1007 3221 1164 3285 Germain
1176 3239 1205 3286 et
1217 3226 1278 3288 lui.

287 3325 334 3387 La
358 3324 420 3386 sete
444 3325 483 3386 de
504 3323 535 3386 la
560 3323 670 3387 Sainte
688 3306 794 3406 Epine
819 3345 853 3386 se
876 3327 1001 3389 celebre
1023 3329 1041 3390 d
1063 3329 1227 3392 Solesmes
1249 3331 1278 3392 le

248 3429 358 3493 Lundi
375 3431 415 3492 de
434 3431 573 3512 quues.

283 3647 312 3704 A
336 3643 395 3705 lire
415 3644 463 3706 les
489 3659 589 3706 textes
617 3660 649 3706 et
672 3645 690 3707 d
720 3645 766 3708 les
789 3661 937 3728 acceptor
965 3647 1186 3730 simplement,
1214 3635 1426 3712 „neeessariam

244 3733 301 3808 des
317 3749 428 3830 e'pines
444 3749 484 3810 de
500 3749 835 3814 Clermont-Ferrand
852 3753 949 3816 serait
970 3756 1000 3817 la
1023 3754 1097 3836 plus
1119 3755 1278 3818 ancienne
1324 3718 1368 3750 ω’
1382 3719 1401 3749 ι’
1432 3711 1438 3736 ¹

244 3871 307 3934 que
332 3873 416 3916 nous
433 3855 690 3918 connaitrions:
719 3855 780 3918 elle
806 3877 890 3919 nous
917 3859 1092 3924 fournirait
1117 3865 1224 3924 meme
1248 3861 1278 3923 le

278 4061 301 4096 1.
319 4045 477 4096 Cartular're
489 4046 523 4097 de
533 4046 722 4100 Salat-Pierre
802 4053 861 4101 nait
875 4065 910 4102 en
938 4053 1023 4119 1157:
1040 4053 1060 4102 il
1084 4069 1113 4104 se
1131 4055 1220 4106 croise
1244 4070 1278 4106 en

244 4133 277 4185 de
293 4133 436 4196 Solesmes,
454 4149 483 4199 p.
499 4132 561 4198 431.
806 4123 973 4208 riposDom
992 4140 1102 4206 Guepln
1127 4157 1162 4193 ne
1186 4142 1278 4193 donne

280 4237 303 4278 2·
329 4222 450 4274 Richard
479 4222 563 4276 Coeur
590 4223 623 4274 de
651 4225 720 4276 Lion
802 4242 909 4280 aucune
925 4225 1076 4280 re'ference.
