3312 5060
370 453 432 501 raa
555 449 664 498 sorus
688 449 729 496 ar
753 435 882 496 tironus
906 431 1210 504 nacaaotoorouas

682 569 876 580 ——-———

364 711 378 740 a
395 685 557 746 emanavit.
574 685 715 759 Dumque
736 701 803 742 eam
827 683 858 740 in
881 683 1021 740 manibus
1042 682 1117 740 meis
1136 693 1279 751 tenerem,
1300 681 1398 758 lacry-

368 807 380 841 ι
398 785 510 843 mando
525 801 587 860 prae
607 781 729 858 gaudio,
750 778 811 837 dixi
827 779 854 836 ei
869 796 876 835 :
891 801 904 832 r
921 778 1062 850 Domine,
1079 778 1103 834 si
1118 778 1162 836 vis
1182 779 1312 852 portabo
1332 795 1398 836 eam

366 897 425 943 aet
437 883 562 941 reddam
579 878 691 938 comiti.
710 899 722 930 a
745 879 783 934 Et
804 875 880 933 dixit
899 875 972 933 mihi
988 893 994 932 :
1013 897 1025 930 r
1047 875 1118 933 Sine
1142 876 1244 948 modo,
1264 875 1398 932 futurum

367 1004 379 1035 a
395 995 441 1040 est
455 980 536 1038 enim
547 991 581 1036 ut
593 977 699 1036 civitas
712 975 859 1050 capiatur.
877 977 915 1032 Et
934 987 1007 1032 tunc
1021 974 1124 1032 venies
1144 993 1211 1032 cum
1235 975 1397 1032 duodecim

367 1078 479 1149 «viris,
499 1090 529 1134 et
550 1093 669 1151 quaeres
689 1091 755 1132 eam
778 1073 828 1130 hic
847 1073 928 1130 unde
948 1091 1004 1148 ego
1029 1073 1171 1146 abstraxi,
1195 1085 1225 1130 et
1248 1072 1302 1130 ubi
1331 1091 1397 1130 earn

366 1175 569 1234 «recondam.
592 1195 605 1226 a
632 1175 670 1230 Et
694 1171 862 1229 recondidit
887 1187 963 1228 eam.
991 1171 1047 1228 His
1072 1171 1112 1229 ita
1137 1172 1279 1244 peractis,
1308 1191 1398 1247 super

366 1298 378 1328 a
396 1292 514 1330 murum
536 1271 665 1330 civitatis
687 1269 805 1328 reduxit
823 1287 871 1326 me
895 1269 927 1326 in
946 1270 1070 1326 domum
1085 1287 1200 1343 meam3
1216 1285 1246 1329 et
1260 1271 1303 1328 sic
1318 1291 1335 1328 a
1350 1289 1397 1328 me

365 1385 593 1430 «recesserunt.
617 1371 704 1426 Tunc
729 1385 785 1442 ego
809 1385 925 1425 mecum
952 1368 1138 1444 recogitans,
1162 1383 1190 1426 et
1211 1369 1398 1443 paupertatis

366 1493 378 1524 a
395 1487 469 1527 meae
485 1469 623 1526 habitum
638 1481 667 1526 et
682 1479 811 1524 vestram
827 1465 1078 1541 magnitudinem,
1090 1467 1203 1524 veritus
1213 1486 1280 1524 sum
1296 1468 1332 1525 ad
1344 1485 1397 1524 vos

365 1568 548 1626 «accedere.
574 1568 647 1622 Post
678 1565 754 1622 illud
783 1577 913 1639 tempus,
939 1583 1032 1638 quum
1055 1565 1209 1640 proiectus
1232 1583 1330 1624 essem
1361 1566 1398 1623 ad

365 1687 376 1718 a
394 1664 548 1740 quoddam
573 1675 716 1732 castrum,
737 1662 821 1736 quod
840 1673 885 1719 est
908 1662 991 1736 juxta
1016 1662 1123 1719 Roiam
1143 1675 1267 1736 propter
1290 1665 1397 1721 alimo-

364 1785 376 1814 a
394 1762 486 1832 niam,
501 1762 599 1836 prima
612 1760 660 1818 die
676 1759 923 1834 Quadragesimae
943 1759 974 1816 in
989 1759 1059 1833 galli
1079 1773 1169 1818 cantu
1185 1763 1192 1788 ¹
1209 1761 1304 1819 adfuit
1324 1761 1397 1818 mihi

364 1882 377 1912 a
394 1863 501 1918 beatus
516 1861 652 1917 Andreas
668 1859 699 1916 in
714 1859 822 1916 eodem
844 1857 961 1928 habitu,
976 1871 1006 1916 et
1021 1876 1090 1915 cum
1105 1859 1213 1917 eodem
1236 1859 1321 1917 socio
1337 1878 1397 1935 quo

364 1957 476 2032 «prius
491 1971 624 2027 venerat,
649 1970 678 2014 et
703 1973 812 2030 magna
835 1953 955 2012 claritas
984 1955 1108 2012 domum
1136 1955 1272 2030 replevit.
1296 1957 1334 2014 Et
1357 1957 1398 2014 ait

364 2077 376 2109 r
394 2058 499 2114 beatus
515 2056 651 2112 Andreas
664 2072 670 2111 :
683 2076 695 2107 r
706 2053 822 2128 Vigilas
833 2052 909 2110 nell
921 2053 971 2110 Sic
987 2053 1224 2128 expergefactus,
1234 2053 1376 2127 respondi
1389 2071 1395 2111 :

364 2155 475 2224 «Non,
492 2153 621 2210 Domine
641 2153 692 2224 mi,
709 2170 771 2210 non
792 2151 922 2209 dormio.
940 2173 952 2204 a
969 2151 1006 2208 Et
1030 2150 1071 2209 ait
1090 2150 1164 2207 milri
1179 2171 1186 2207 z
1202 2173 1214 2204 r
1232 2151 1340 2209 Dixisti
1363 2170 1397 2208 ea

364 2275 376 2306 a
393 2271 461 2327 quae
477 2252 592 2310 dudum
607 2251 662 2308 tibi
675 2250 963 2308 dicendamandavi.
977 2272 989 2304 a
1004 2253 1041 2308 Et
1052 2251 1195 2324 respondi
1207 2267 1214 2307 ε
1228 2271 1241 2304 a
1255 2250 1396 2320 Domine,

364 2365 495 2405 «nonne
519 2366 574 2422 ego
595 2360 736 2422 precatus
759 2365 825 2405 sum
840 2365 904 2418 vos,
914 2338 954 2404 ‘ut
975 2348 1068 2404 alium
1091 2348 1135 2405 eis
1154 2348 1334 2406 mitteretis?
1349 2351 1398 2406 Et·

364 2447 473 2504 «enim
493 2459 630 2504 metuens
652 2447 823 2521 paupertati
847 2465 935 2517 meae,
958 2449 1101 2505 accedere
1126 2459 1194 2504 ante
1214 2447 1284 2504 illos
1308 2447 1397 2505 dubi-

362 2567 376 2598 a
394 2544 464 2602 tavi.
477 2566 490 2597 a
506 2546 544 2601 Et
563 2544 640 2602 dixit
652 2545 743 2601 mihi:
758 2545 890 2602 «Nescis
904 2561 941 2600 ne
954 2561 1008 2600 cur
1024 2544 1105 2601 Deus
1116 2545 1175 2601 huc
1190 2563 1245 2602 vos
1260 2543 1395 2613 adduxit,

364 2655 422 2700 aet
438 2655 585 2717 quantum
608 2660 662 2699 vos
687 2641 784 2717 diligit
806 2655 835 2699 et
860 2642 1015 2716 quomodo
1037 2659 1091 2702 vos
1115 2642 1268 2716 praecipue
1292 2643 1399 2717 elegit?

364 2761 376 2792 a
394 2740 452 2795 Pro
467 2751 644 2811 contemptu
660 2739 706 2795 sui
722 2751 752 2796 et
767 2756 891 2795 suorum
904 2739 1047 2809 vindicta,
1061 2757 1115 2794 vos
1128 2739 1187 2797 huc
1203 2741 1305 2798 venire
1315 2743 1396 2802 fecit.

363 2859 376 2890 r
394 2835 498 2912 Diligit
513 2854 567 2894 vos
580 2837 657 2894 adeo
671 2851 705 2895 ut
720 2837 815 2895 sancti
832 2837 891 2911 jam
914 2837 945 2893 in
967 2837 1071 2911 requie
1089 2837 1193 2911 positi,
1209 2838 1319 2896 divinas
1339 2841 1397 2899 dis·

363 2934 554 3009 «positionis
568 2935 695 3009 gratiam
721 2948 957 3009 praenoscentes,
980 2935 1010 2992 in
1031 2953 1121 2993 carne
1143 2953 1208 2993 esse
1227 2949 1256 2995 et
1270 2955 1396 2996 concer-

363 3045 455 3089 atare
468 3033 627 3090 vobiscum
640 3033 761 3091 vellent.
779 3035 878 3109 Elegit
900 3052 954 3091 vos
977 3036 1058 3092 Deus
1074 3052 1110 3091 ex
1133 3035 1276 3092 omnibus
1299 3037 1396 3110 genti-

363 3151 375 3182 a
394 3132 459 3200 bus,
476 3129 554 3188 sicut
576 3129 703 3188 triticeae
726 3130 818 3204 spicae
842 3132 879 3188 de
901 3131 1041 3188 avenaria
1060 3131 1254 3206 colliguntur.
1276 3133 1396 3190 Etenim

363 3227 508 3286 «meritis
534 3241 563 3286 et
583 3228 678 3303 gratia
701 3229 873 3302 praeceditis
898 3247 1004 3286 omnes
1029 3229 1081 3304 qui
1105 3242 1174 3287 ante
1192 3224 1226 3287 'et
1249 3245 1319 3304 post
1341 3249 1396 3288 vos

363 3347 375 3378 a
392 3325 514 3385 venient
527 3326 605 3384 sicut
624 3345 731 3383 aurum
747 3327 845 3401 pretio
859 3327 1004 3401 praecedit
1019 3339 1217 3402 argentum.»
1238 3329 1312 3386 Post
1331 3328 1396 3386 haec

363 3422 606 3496 «discesserunt,
629 3438 659 3483 et
680 3443 728 3483 me
751 3437 835 3482 tanta
869 3425 1017 3501 aegritudo
1042 3425 1203 3500 oppressit,
1227 3438 1261 3483 ut
1293 3426 1396 3485 lumen

362 3521 551 3580 «oculorum
569 3525 737 3596 perderem,
757 3536 788 3581 et
812 3523 1045 3599 dispositionem
1067 3523 1245 3582 tenuissime
1265 3541 1396 3600 pauper·

362 3618 461 3676 etatis
476 3637 550 3678 meae
563 3619 704 3678 lacerem.
721 3621 809 3678 Tunc
830 3639 886 3696 ego
907 3621 986 3696 coepi
1009 3639 1126 3678 mecum
1153 3621 1296 3696 cogitare,
1313 3623 1397 3698 quod

361 3737 374 3768 a
391 3717 431 3774 ob
446 3717 659 3793 negligentiam
679 3717 854 3793 apostolicae
870 3719 1025 3794 jussionis,
1041 3719 1106 3776 haec
1127 3720 1205 3794 juste
1230 3719 1304 3777 mihi
1326 3741 1397 3780 con·

361 3838 374 3869 a
390 3817 549 3891 tingerent.
567 3817 765 3876 Coniortatus
779 3819 881 3893 itaque
897 3821 935 3876 ad
950 3819 1143 3878 obsidionem
1160 3839 1297 3879 reversus
1317 3839 1393 3877 sum.

361 3914 506 3971 «Rursus
539 3915 726 3989 paupertatis
759 3933 834 3973 meae
860 3916 1046 3976 debilitatem
1079 3917 1265 3993 recogitans,
1288 3918 1394 3976 timere

360 4032 372 4064 a
390 4011 517 4084 coepi‚si
529 4012 632 4070 advos
645 4013 788 4085 venirem,
800 4013 971 4071 famelicum
983 4031 1031 4072 me
1042 4032 1108 4073 esse
1119 4029 1149 4073 et
1159 4033 1214 4090 pro
1229 4015 1311 4074 victu
1321 4016 1393 4074 talia

393 4240 414 4274 r.
430 4239 460 4274 ro
472 4223 570 4275 fe'vrier
588 4223 662 4294 1098.
