3312 5060
282 455 286 464 ’
356 469 418 538 118
536 485 644 534 voras
669 485 711 532 nr
735 469 864 531 arunas
889 467 1196 538 anennononrouns

1284 599 1378 613 Q

351 723 552 783 conventione
565 721 725 779 saetacum
741 719 875 794 quodam
893 717 1007 789 Turco,
1024 714 1076 790 qui
1091 715 1188 790 ipsam
1202 715 1276 773 mihi
1290 715 1385 773 tradi-

350 823 395 882 dit
414 821 576 892 civitatem,
599 820 696 877 scalas
713 831 782 876 ante
805 815 885 873 diem
905 831 1013 888 parum
1032 831 1119 870 muro
1134 814 1277 890 applicui,
1297 826 1327 872 et
1342 814 1384 872 sic

314 963 317 969 -
351 919 503 978 civitatem
524 931 612 976 antea
635 917 758 974 Christo
777 913 978 985 resistentem,
1003 931 1035 968 nr
1057 931 1153 970 nonas
1171 912 1244 970 Julii
1265 912 1384 987 accepi-

351 1035 418 1074 mus
432 1017 461 1089 ¹3
483 1029 512 1074 et
532 1014 711 1073 Cassianum
734 1013 829 1086 ipsius
849 1009 978 1069 civitatis
1003 1024 1176 1084 tyrannum,
1194 1029 1263 1067 cum
1282 1010 1384 1068 multis

350 1133 477 1172 suorum
492 1111 639 1170 militibus
661 1109 879 1180 interfecimus,
895 1125 1062 1182 corumque
1082 1125 1192 1166 uxores
1210 1121 1239 1166 et
1252 1107 1333 1166 filios
1350 1127 1384 1167 ac

350 1211 490 1282 familias,
516 1229 585 1268 cum
611 1226 687 1267 auro
707 1221 737 1267 et
755 1220 891 1284 argento,
917 1221 946 1266 et
967 1207 1109 1266 omnibus
1134 1225 1239 1265 eorum
1262 1225 1384 1282 posses·

350 1309 500 1380 sionibus,
523 1307 715 1366 retinuimus,
735 1306 855 1364 Asilum
877 1317 977 1363 autem
996 1305 1222 1364 Antiochenum
1242 1306 1384 1364 aTurcis

348 1407 564 1483 praemunitum
583 1406 694 1465 habere
716 1425 778 1464 non
800 1406 965 1482 potuimus.
985 1407 1046 1464 Sed
1060 1425 1154 1481 quum
1173 1406 1385 1465 incrastinum

349 1505 459 1562 asilum
474 1504 574 1580 ipsum
594 1505 715 1579 aggredi
728 1505 943 1576 voluissemus,
957 1504 1107 1562 infinitam
1121 1506 1291 1563 Turcorum
1306 1506 1385 1562 mul-

349 1602 521 1674 titudinem,
547 1620 638 1677 quam
665 1601 769 1659 multis
795 1601 904 1658 diebus
926 1601 964 1657 ad
988 1601 1205 1659 debellandum
1227 1603 1386 1661 nobiscum

348 1715 507 1761 venturam
521 1713 605 1758 extra
619 1699 770 1758 civitatem
786 1713 1061 1773 expectaveramus,
1076 1717 1130 1774 per
1145 1717 1268 1775 campos
1284 1702 1383 1759 omnis

349 1797 569 1854 discurrentem
590 1795 732 1852 vidimus.
748 1795 807 1866 Qui
827 1795 916 1852 tertia
931 1795 980 1852 die
995 1815 1051 1853 nos
1064 1797 1249 1854 obsederunt
1269 1813 1298 1856 et
1311 1817 1386 1874 prae·

349 1893 464 1952 dictum
489 1894 597 1952 asilum
618 1895 780 1969 plusquam
801 1907 922 1952 centnm
942 1913 1048 1952 eorum
1071 1895 1164 1953 millia
1186 1895 1383 1972 intraverunt,

350 2011 385 2052 ac
400 2011 454 2068 per
466 2007 585 2068 portam
600 1994 736 2065 ejusdem
760 1993 826 2050 asili
850 1995 888 2050 ad
903 1992 1055 2052 civitatem
1069 1995 1126 2051 sub
1141 1994 1217 2052 asilo
1235 1996 1385 2054 constitu-

349 2105 423 2164 tam,
447 2091 537 2148 nobis
557 2091 679 2166 illisque
703 2109 908 2164 communem,
933 2091 1101 2167 irrumpere
1122 2093 1293 2151 voluerunt.
1321 2095 1385 2151 Nos

350 2203 451 2249 autem
479 2191 510 2249 in
538 2191 598 2249 alio
627 2205 730 2250 monte
757 2192 920 2251 existentes
948 2193 1006 2268 ipsi
1030 2192 1106 2250 asilo
1130 2191 1282 2268 opposito,
1307 2191 1385 2251 viam

349 2289 428 2347 inter
438 2302 600 2365 utrumque
615 2291 779 2348 exercitum
796 2292 834 2349 ad
849 2289 1002 2348 civitatem
1016 2291 1260 2362 descendentem,
1275 2308 1313 2348 ne
1328 2289 1386 2364 ipsi

349 2387 438 2444 nobis
459 2387 555 2445 multo
580 2387 683 2464 plnres
707 2388 920 2463 irrumperent,
949 2389 1167 2460 custodientes,
1196 2401 1224 2446 et
1253 2389 1334 2446 intus
1357 2401 1386 2447 et

349 2498 433 2542 extra
448 2499 537 2544 nocte
554 2499 583 2544 et
603 2486 651 2544 die
663 2486 820 2558 bellantes,
837 2468 939 2561 portas
954 2486 1022 2543 asili
1037 2487 1075 2543 ad
1090 2485 1243 2543 civitatem
1258 2487 1385 2544 descen-

348 2583 454 2641 dentes
469 2584 582 2642 intrare
602 2599 631 2642 et
646 2587 683 2642 ad
699 2599 797 2643 castra
816 2585 1019 2660 compulimus
1035 2601 1179 2642 remeare.
1197 2586 1298 2655 Quum
1314 2603 1385 2661 ergo

348 2679 504 2754 vidissent,
518 2683 602 2755 quod
615 2700 651 2739 ex
670 2683 722 2740 illa
736 2696 831 2756 parte,
848 2682 924 2739 nihil
944 2700 1053 2740 nocere
1072 2683 1254 2757 potuissent,
1275 2683 1317 2742 ita
1329 2701 1385 2740 nos

348 2796 385 2835 ex
406 2777 488 2835 omni
509 2791 594 2853 parte
621 2779 815 2851 circuierunt,
839 2781 922 2854 quod
950 2779 1025 2836 nulli
1048 2797 1083 2837 ex
1113 2781 1226 2838 nostris
1255 2779 1309 2851 ire,
1338 2781 1385 2839 vel

349 2875 387 2932 ad
410 2875 592 2964 nossvenire
616 2888 790 2950 potuerunt.
814 2877 882 2945 Qua
904 2877 941 2934 de
963 2895 995 2934 re
1017 2877 1060 2934 ita
1083 2877 1211 2935 desolati
1233 2891 1262 2936 et
1283 2879 1386 2937 afflicti

348 2991 454 3031 omnes
469 2973 592 3047 fuimus,
608 2977 692 3051 quod
706 2975 784 3034 fame
799 2989 828 3034 et
844 2975 947 3034 multis
963 2975 1030 3032 aliis
1046 2977 1192 3052 angustiis
1206 2977 1384 3050 morientes,

348 3090 444 3147 equos
464 3087 493 3131 et
512 3073 615 3131 asinos
637 3088 759 3133 nostros
781 3074 937 3132 famelicos
961 3074 1188 3148 interficientes,
1211 3075 1297 3134 multi
1318 3093 1386 3132 nos·

348 3185 426 3230 trum
447 3173 654 3230 comederunt.
677 3172 737 3230 Sed
761 3172 890 3244 interim,
917 3173 1151 3230 clementissima
1172 3172 1226 3230 Dei
1248 3173 1387 3247 omnipo·

347 3269 439 3328 tentis
454 3269 660 3328 misericordia
682 3269 771 3327 nobis
790 3270 988 3328 subveniente
1005 3283 1034 3328 et
1052 3289 1108 3346 pro
1127 3271 1216 3329 nobis
1230 3271 1384 3348 vigilante,

349 3371 499 3427 Lanceam
525 3368 720 3440 dominicam,
746 3387 804 3444 qua
831 3369 998 3427 Salvatoris
1025 3371 1120 3429 nostri
1149 3371 1228 3428 latus
1254 3370 1385 3446 Longini

348 3467 488 3526 manibus
516 3467 702 3542 perforatum
727 3466 794 3540 fuit,
823 3481 929 3525 sancto
955 3468 1076 3526 Andrea
1100 3467 1240 3542 apostolo
1265 3468 1386 3526 cuidam

347 3566 461 3624 famulo
484 3565 539 3623 Dei
562 3579 607 3624 ter
632 3565 793 3636 revelante,
821 3563 922 3622 locum
947 3565 1037 3623 etiam
1060 3565 1112 3623 ubi
1130 3567 1249 3624 Lancea
1268 3567 1387 3642 jacebat

347 3663 584 3736 demonstrante,
605 3662 636 3720 in
659 3662 787 3720 ecclesia
803 3663 883 3722 beati
907 3663 987 3721 Petri
1008 3663 1218 3739 apostolorum
1239 3663 1386 3739 principis

347 3760 528 3819 invenimus.
552 3761 647 3836 Cujus
665 3761 850 3836 inventione,
867 3762 996 3836 aliisque
1013 3762 1115 3820 multis
1139 3762 1250 3822 divinis
1271 3763 1386 3822 revela-

347 3857 484 3920 tionibus
510 3857 552 3916 ita
573 3858 735 3918 confortati
763 3873 792 3918 et
812 3861 1003 3919 corroborati
1025 3861 1147 3933 fuimus,
1173 3875 1206 3920 ut
1226 3861 1277 3936 qui
1297 3873 1386 3920 antea

348 3957 449 4017 afflicti
467 3971 498 4016 et
518 3957 616 4016 timidi
635 3957 800 4031 fueramus,
825 3971 898 4016 tunc
913 3961 952 4017 ad
970 3960 1172 4034 praeliandum
1192 3959 1384 4018 audacissimi

349 4057 627 4133 promptissimique
642 4055 693 4112 alii
713 4056 790 4114 alios
805 4057 1011 4116 hortabamur.
1033 4058 1147 4116 Tribus
1162 4059 1253 4135 igitur
1267 4057 1383 4116 hebdo-

383 4259 404 4293 ι.
419 4241 486 4292 Voir
496 4243 558 4308 plus
571 4241 648 4305 haut,
657 4259 682 4308 p.
698 4259 715 4312 9
731 4253 803 4294 note.
