3312 5060
348 561 409 609 102
529 558 639 607 noras
662 559 705 607 ar
728 545 856 606 arunas
879 543 1183 618 ancnaouoorours

340 798 383 857 vit
404 799 499 863 lesus,
520 810 550 855 et
568 796 611 854 ibi
631 796 759 854 habetur
776 795 813 853 de
837 795 952 870 lancea,
964 813 1024 870 qua
1039 795 1070 852 in
1088 813 1177 855 cruce
1189 795 1246 856 fuit
1263 799 1370 857 vulne·

340 909 434 967 ratus,
450 895 487 952 de
503 893 630 950 sindone
646 906 675 951 et
690 893 727 950 de
747 894 783 950 30
798 893 981 950 martiribus.
999 893 1086 950 Hanc
1101 911 1230 968 yconam
1251 913 1321 953 curn
1339 897 1371 954 in

340 993 443 1070 preliis
468 992 545 1050 ferre
568 1003 668 1049 essent
691 989 783 1060 soliti,
810 1007 1001 1064 nequaquam
1030 1003 1118 1048 antea
1140 1001 1307 1064 potuerunt
1332 995 1369 1050 ab

341 1089 480 1148 hostibus
499 1087 644 1163 superari.
668 1087 835 1144 Morcuflus
854 1087 957 1160 itaque
976 1086 1062 1144 duxit
1084 1105 1186 1145 secum
1206 1088 1243 1145 de
1263 1089 1370 1146 melio·

340 1189 424 1246 ribus
440 1187 554 1258 Grecis,
570 1204 607 1243 ne
623 1186 700 1243 sorte
715 1185 834 1243 rediens
848 1187 955 1243 urbem
974 1185 1090 1260 ingredi
1106 1203 1167 1243 non
1181 1186 1370 1261 permittere-

340 1300 389 1346 tur
405 1305 421 1344 a
436 1286 580 1362 reliquis;
595 1287 701 1343 decem
713 1285 805 1361 igitur
821 1283 904 1342 milia
919 1285 1100 1342 bellatorum
1113 1302 1182 1340 cum
1197 1302 1233 1342 eo
1247 1283 1371 1344 fuerunt

341 1399 375 1459 et
389 1385 489 1460 quiete
504 1397 647 1442 exeuntes
663 1383 694 1440 in
715 1383 813 1441 brolio
835 1383 968 1458 quodam
988 1382 1134 1440 frondoso
1150 1399 1182 1439 se
1202 1383 1369 1441 absconde-

341 1495 420 1540 runt.
435 1484 634 1542 Postmodum
655 1487 750 1544 nostri
769 1505 823 1561 per
835 1499 980 1544 centenos
1003 1497 1073 1544 sunt
1088 1483 1241 1542 distributi
1265 1497 1294 1541 et
1315 1503 1371 1542 au·

341 1580 463 1638 dierunt
485 1599 537 1639 eos
560 1583 715 1642 venientes
739 1602 808 1642 cum
834 1585 1015 1660 strepitu.A
1041 1583 1191 1641 Morcuflo
1217 1584 1308 1640 Petro
1333 1583 1371 1640 de

342 1679 492 1735 Navarres
513 1679 624 1737 tradita
656 1681 752 1738 suerat
778 1683 997 1740 antecustodia.
1028 1681 1087 1751 Qui
1111 1699 1165 1756 per
1198 1681 1371 1757 superbiam

341 1779 501 1836 incedebat
522 1778 655 1848 inermis,
681 1779 838 1836 redimitus
862 1779 975 1837 circulo
1000 1798 1103 1850 aure0,
1126 1779 1223 1853 capite
1244 1781 1370 1838 nudato.

343 1877 433 1934 Hunc
457 1876 626 1950 anticipans
651 1876 801 1934 lienricus
825 1890 983 1951 percutere
1006 1876 1119 1952 gladio,
1144 1875 1290 1933 circulum
1316 1895 1368 1934 au·

342 1993 427 2033 reum
442 1973 531 2032 scidit
551 1974 595 2031 illi
614 1986 644 2032 et
664 1975 695 2032 in
718 1975 904 2049 profundum
924 1976 1000 2032 duos
1020 1975 1131 2050 digitos
1148 1975 1259 2032 cranei.
1277 1973 1371 2050 Igitur

341 2090 463 2148 quoque
492 2085 663 2129 nostrorum
687 2071 835 2131 deiciente
860 2085 889 2130 et
917 2072 1074 2130 occidente
1099 2073 1217 2131 hostem
1235 2072 1370 2144 obvium,

341 2170 485 2245 dissipata
506 2181 551 2226 est
574 2170 654 2226 acies
673 2169 772 2244 prima
791 2171 966 2228 Grecorum.
984 2170 1129 2228 Livernas
1148 2171 1189 2228 ita
1209 2188 1370 2245 percussus

340 2268 397 2326 fuit
418 2267 576 2342 cujusdam
597 2266 748 2337 machera,
770 2269 853 2340 quod
876 2267 908 2324 in
936 2268 1000 2342 ejus
1029 2267 1127 2343 capite
1150 2266 1297 2342 impressa
1324 2279 1370 2325 est

340 2367 434 2440 galea.
453 2367 560 2423 Petrus
579 2365 616 2422 de
638 2365 811 2423 Brachvelis
836 2366 1035 2440 Sampsonem
1059 2364 1260 2440 patriarcham
1280 2381 1371 2439 super

340 2463 424 2539 galee
439 2462 540 2520 nasale
556 2464 600 2519 sic
610 2462 770 2536 percussit,
782 2463 864 2537 quod
879 2463 930 2520 ille
944 2463 1056 2520 cadens
1067 2463 1105 2518 ad
1115 2475 1225 2520 terram
1239 2480 1368 2537 yconam

341 2561 465 2634 dimisit,
481 2578 572 2634 quam
588 2561 695 2618 Petrus
714 2561 886 2618 decendens
905 2563 942 2618 de
962 2578 1041 2634 equo
1062 2561 1204 2619 audacter
1226 2560 1369 2635 arripuit3

341 2661 379 2718 ad
404 2677 494 2734 quem
517 2658 612 2715 nostri
635 2658 813 2716 festinanter
832 2671 1048 2732 convenerunt,
1065 2660 1240 2734 Grecosque
1255 2658 1370 2734 impetu

341 2759 472 2818 maximo
488 2756 674 2830 repulerunt.

434 2881 548 2947 [hlbrici
576 2880 705 2932 monachi
736 2881 835 2934 Trium
866 2881 997 2934 Fontium
1028 2881 1173 2944 Chronica,
1205 2897 1247 2949 ap.
1275 2879 1352 2931 Pertz

402 2970 513 3037 Sca-ipa,
527 2981 546 3022 t.
560 2969 654 3031 xxm,
668 2984 693 3036 p.
707 2968 781 3035 883.]

846 3238 872 3292 7.

342 3371 455 3427 Iucrrrr
465 3385 648 3428 raausnnrro
658 3387 769 3428 seuera
781 3387 901 3428 cortone
910 3371 1024 3429 Donrur
1033 3373 1237 3431 uosrnrlnnsu
1245 3373 1370 3432 Cnnrsrr

374 3486 393 3524 a
416 3467 779 3526 Consranrruorourrana
803 3487 882 3526 unsa
904 3487 943 3526 an
970 3483 1131 3527 crvrraran
1159 3472 1368 3542 Pnnrsransnn,

376 3584 469 3626 racra
490 3584 569 3623 nuno
591 3567 704 3623 Dourur
729 3567 784 3624 Mo.
810 3567 883 3624 CC0.
905 3567 999 3637 xb10,
1024 3585 1182 3625 anouaura
1201 3569 1369 3641 Luoovrco,

376 3681 452 3720 runo
469 3663 617 3720 Luoovrcr
638 3649 722 3720 naurs
738 3665 928 3722 Fnaucoauu
945 3665 961 3720 ¹.

377 3870 453 3926 Cum
472 3869 740 3927 christianissimus
757 3871 943 3927 Francorum
958 3887 1009 3928 rex
1026 3870 1215 3942 Ludovicus,
1231 3871 1286 3929 viri
1301 3890 1369 3947 pre-

340 3967 498 4025 clarissimi
513 3980 543 4024 et
562 3966 803 4026 christianissimi
820 3968 968 4028 Ludovici
988 3969 1066 4045 regis
1082 3969 1173 4042 lilius,
1189 3987 1250 4026 non
1270 3969 1369 4026 minus

375 4160 396 4195 r.
426 4145 551 4197 Libellus
579 4145 739 4196 mentionnk
767 4161 817 4210 par
897 4148 931 4198 de
954 4149 980 4198 la
1002 4147 1196 4213 bibliotheque
1220 4147 1369 4208 nationale,

341 4233 459 4285 Geoffroi
471 4235 504 4284 de
515 4235 657 4286 Beaulieu.
670 4235 724 4300 (Cf.
738 4235 816 4286 Exu-
896 4237 928 4287 F.
949 4237 979 4287 L.
998 4237 1073 4301 1423,
1090 4237 1136 4288 fol.
1156 4251 1203 4303 ¹7²
1218 4247 1307 4303 r0-r74
1321 4237 1367 4300 v·.]

341 4323 401 4388 vioe,
419 4335 437 4375 t.
460 4325 479 4387 l,
497 4339 522 4390 p.
545 4327 625 4384 cxix.)
654 4325 814 4388 [Manuserit
895 4325 953 4377 Fol.
974 4341 1020 4393 ¹7²
1034 4335 1069 4386 rt,
1085 4327 1136 4377 col.
1155 4342 1176 4376 r.
