3312 5060
361 487 424 557 106
540 505 648 556 noras
672 507 714 554 rr
737 492 866 554 arunas
890 492 1193 564 arcedonocrouns

354 743 681 825 proutlmagnificentie
707 741 787 818 regie
810 742 935 817 dignum
958 755 1033 814 erat,
1055 741 1183 816 amplius
1205 743 1381 801 muneribus

355 843 516 913 honorare,
533 841 690 899 conferens
706 841 733 898 ei
747 839 983 898 sacratissimum
1000 839 1098 896 crucis
1118 839 1268 898 dominice
1288 839 1381 898 vexil-

355 943 429 1014 lum,
445 941 470 998 si
485 940 560 998 illud
574 939 720 996 redimere
734 938 825 996 vellet
839 939 875 994 de
891 938 1036 994 immensa
1060 937 1188 1012 pecunie
1203 936 1381 1010 quantitate,

355 1058 411 1114 pro
433 1057 503 1114 qua,
518 1038 695 1114 urgentibus
715 1037 788 1094 dicti
808 1037 926 1110 imperii
942 1038 949 1063 ¹
965 1035 1207 1108 necessitatibus,
1223 1036 1303 1110 apud
1319 1053 1382 1091 ma·

356 1137 482 1212 gistrum
504 1149 533 1193 et
552 1135 658 1192 fratres
680 1133 786 1191 militie
810 1133 929 1207 Templi
951 1147 1014 1190 erat
1035 1133 1066 1190 in
1090 1135 1177 1208 Syria
1203 1135 1380 1210 obligatum.

357 1235 416 1292 Sed
431 1233 505 1308 quid
517 1233 615 1292 dictus
630 1251 681 1290 rex
697 1233 728 1290 in
743 1232 969 1306 comparatione
983 1232 1059 1290 tanti
1074 1234 1207 1290 muneris
1223 1247 1381 1308 quantam-

357 1351 487 1408 cumque
501 1332 660 1407 pecuniam
676 1331 851 1390 estimaret?
864 1331 984 1388 Sciebat
999 1330 1079 1388 enim
1094 1330 1187 1404 quod,
1203 1331 1285 1404 juxta
1300 1331 1383 1404 quod

357 1431 502 1505 scriptum
518 1445 573 1500 est,
588 1449 675 1489 omne
690 1450 797 1489 aurum
815 1431 846 1488 in
859 1433 1085 1505 comparatione
1102 1432 1182 1488 illius
1203 1449 1293 1488 arena
1307 1454 1321 1482 α
1338 1445 1384 1490 est

357 1529 464 1604 exigua
484 1544 512 1588 et
527 1543 681 1603 tamquam
702 1530 799 1587 lutum
817 1530 1008 1588 estimabitur
1028 1531 1242 1604 argentum²r.
1259 1533 1296 1588 Et
1315 1530 1383 1588 ideo

357 1645 418 1684 non
433 1627 617 1702 comparavit
630 1627 674 1683 illi
689 1627 820 1702 lapidem
833 1627 1014 1702 preciosum,
1030 1639 1060 1684 et
1074 1627 1194 1684 divitias
1210 1627 1303 1684 nichil
1318 1645 1384 1684 esse

356 1725 431 1783 dixit
453 1725 484 1782 in
509 1726 734 1800 comparatione
756 1727 847 1798 illius,
865 1728 918 1784 sed
939 1726 1075 1782 oblatum
1099 1725 1157 1782 sibi
1181 1743 1291 1782 munus
1315 1743 1384 1782 cum

356 1822 457 1879 cordis
481 1822 633 1882 alacritate
658 1837 687 1881 et
706 1825 875 1900 graciarum
898 1824 1018 1880 actione
1040 1823 1219 1898 suscipiens,
1233 1825 1327 1880 fervet
1346 1824 1385 1879 ad

355 1921 580 1994 procurandum
600 1921 675 1978 illud
689 1923 784 1980 eterni
804 1922 882 1997 regis
901 1921 1073 1980 venerabile
1089 1920 1218 1995 signum,
1233 1937 1287 1994 per
1301 1921 1385 1994 quod

356 2017 479 2075 humani
508 2020 625 2094 generis
655 2035 809 2095 reparator
834 2019 1002 2095 gloriosum
1031 2018 1163 2093 optinuit
1192 2019 1228 2075 de
1254 2031 1383 2093 tyranno

355 2116 552 2191 triumphum,
576 2133 675 2177 estuat
698 2119 736 2176 ad
755 2119 974 2192 acquirendum
989 2116 1252 2192 inexpugnabilem
1272 2116 1384 2175 Christi

355 2214 504 2289 clypeum,
516 2233 569 2290 per
579 2235 670 2290 quem
679 2218 716 2274 de
727 2234 819 2294 regno
832 2217 958 2273 ecclesie
969 2215 1126 2273 militantis
1136 2216 1267 2272 humane
1278 2227 1384 2272 nature

357 2311 471 2385 expulit
487 2313 653 2370 inimicum.
672 2315 709 2370 Et
724 2333 784 2371 non
800 2315 895 2372 multo
909 2327 988 2388 post,
1003 2332 1070 2370 cum
1084 2315 1142 2388 jam
1159 2313 1291 2388 prelatus
1315 2315 1384 2370 Bal-

358 2410 480 2484 duinus,
499 2412 645 2486 expeditis
660 2412 690 2468 in
707 2413 833 2470 Francia
853 2412 986 2488 negociis
1005 2429 1060 2485 pro
1076 2412 1186 2486 quibus
1201 2423 1336 2484 venerat,
1356 2423 1385 2468 et

356 2507 509 2566 licentiato
525 2527 604 2584 rege,
626 2511 664 2567 ad
683 2511 1057 2585 Constantinopolitanum
1079 2510 1237 2584 imperium
1254 2527 1385 2566 remeas-

357 2619 412 2677 set,
426 2606 537 2663 accidit
549 2621 583 2664 ut
596 2608 694 2665 dictus
707 2627 758 2666 rex
771 2610 847 2668 duos
868 2610 975 2667 fratres
991 2608 1135 2678 Minores,
1152 2626 1227 2682 quos
1241 2611 1250 2640 ³
1270 2608 1308 2664 ad
1327 2607 1385 2664 hoc

356 2705 490 2780 ydoneos
513 2718 542 2762 et
566 2705 670 2763 fideles
695 2706 855 2778 estimavit,
872 2725 941 2764 cum
955 2703 1171 2780 procuratoriis
1190 2702 1384 2777 negociorum

357 2804 452 2879 ipsius
468 2805 587 2878 litteris,
602 2807 639 2862 ad
654 2805 782 2862 eundern
797 2805 978 2862 Balduinum
994 2807 1052 2878 jam
1068 2799 1282 2880 imperatorem
1297 2821 1385 2860 coro·

356 2914 470 2973 natum,
499 2901 795 2976 Constantinopolim
819 2901 993 2974 destinaret,
1018 2901 1081 2976 qui,
1102 2901 1233 2976 acceptis
1256 2903 1294 2958 ab
1318 2901 1385 2976 ipso

355 3017 411 3074 pro
428 2999 504 3057 sacri
520 3000 593 3075 ligni
609 3000 813 3075 assignatione
826 3001 964 3060 facienda
984 3004 1022 3061 ad
1036 3003 1211 3078 magistrum
1231 3017 1260 3060 et
1279 3003 1385 3060 iratres

356 3098 475 3173 Templi
490 3098 699 3172 imperialibus
719 3100 837 3172 litteris,
852 3100 922 3158 inde
938 3102 975 3158 ad
990 3113 1089 3176 partes
1107 3101 1193 3176 Syrie
1208 3100 1385 3160 transfreta-

357 3207 433 3266 rent,
450 3207 480 3252 et
500 3209 603 3253 amoto
619 3211 753 3270 exparte
769 3197 847 3272 regis
867 3197 1061 3274 obligationis
1078 3199 1248 3272 obstaculo,
1265 3217 1385 3256 crucem

357 3305 491 3350 sanctam
505 3291 537 3349 in
549 3293 705 3351 Franciam
720 3295 926 3370 deportarent.

391 3391 417 3448 O
433 3389 508 3446 mira
527 3389 607 3449 circa
622 3410 678 3448 nos
693 3393 794 3452 divine
814 3393 933 3468 pietatis
947 3394 1110 3465 miseratio,
1127 3394 1213 3468 cujus
1228 3395 1384 3469 dispensa·

356 3488 448 3546 tionis
463 3490 670 3547 moderamine
685 3491 716 3548 id
729 3492 835 3566 agitur,
845 3505 878 3550 ut
893 3492 1017 3550 humani
1032 3493 1209 3567 plerumque
1225 3492 1385 3567 dispositio

355 3587 475 3645 consilii
490 3589 715 3662 permitteretur
732 3591 753 3662 ⁴,
769 3589 912 3666 quatinus
932 3609 968 3648 ex
987 3590 1145 3665 inopinato
1160 3609 1215 3665 pro
1230 3590 1276 3647 sui
1293 3593 1385 3648 bene·

355 3685 458 3760 placiti
473 3685 610 3761 largitate
632 3705 690 3761 que
706 3688 798 3744 homo
819 3707 880 3745 non
900 3688 1036 3763 providet
1050 3689 1067 3756 ⁵,
1082 3689 1160 3746 sicut
1180 3708 1216 3746 ex
1230 3688 1384 3764 sequenti-

357 3787 412 3842 bus
435 3785 592 3842 manifeste
613 3785 764 3844 videbitur
777 3787 797 3856 ⁶,
819 3788 1002 3862 superaddat
1022 3799 1051 3844 et
1071 3805 1129 3861 que
1154 3787 1229 3846 bene
1244 3789 1384 3863 provide-

389 4085 410 4122 t.
426 4069 484 4122 Fol.
504 4071 551 4138 ¹73
564 4083 601 4136 vt,
616 4073 669 4124 col.
687 4087 711 4123 a.
938 4087 965 4136 4.
982 4071 1156 4124 Permutetur
1182 4073 1382 4139 [Charleville].

386 4175 410 4210 2.
427 4161 491 4226 Sap.
505 4177 551 4224 vn,
566 4177 592 4230 9.
940 4161 964 4212 5.
979 4162 1103 4213 Prcvidet
1120 4162 1319 4229 [Charlevillel.

386 4247 410 4300 3.
426 4249 493 4299 Cod.
508 4271 520 4295 c
534 4251 607 4316 quod
622 4273 645 4300 u.
939 4251 964 4304 6.
979 4253 1037 4304 Fol.
1056 4253 1102 4318 173
1119 4263 1154 4316 r⁰‚
1166 4254 1218 4303 col.
1231 4253 1258 4304 b.
