3290 5066
269 439 273 444 ·
332 405 402 490 426
531 425 640 473 noras
659 423 702 472 ar
721 410 850 472 erucas
870 409 1177 483 ancuaocomouas

931 555 935 557 .
998 545 1371 558 m

212 681 281 728 aon
370 661 469 723 'Dans
483 681 528 724 un
544 659 725 724 inventaire
741 659 780 722 de
796 658 828 721 la
840 657 986 722 sacristie
1001 659 1041 720 de
1062 661 1142 741 1436
1159 661 1166 686 ¹
1184 679 1227 722 on
1244 660 1302 724 lit:

162 751 320 800 Salui-Pieris
350 799 352 804 ,

214 819 273 880 ¹4³⁶
351 879 362 912 ·.
372 811 390 894 ri
397 839 561 914 'Quoddam
575 837 808 896 tabernaculum
824 854 893 894 cum
908 835 1044 894 cristallo
1055 836 1087 893 in
1097 837 1198 894 medio
1210 849 1239 894 et
1248 839 1326 911 pede
1338 851 1371 896 et

338 935 497 1011 superficie
512 937 549 993 de
566 948 691 1010 argento
709 937 855 993 deaurato
875 953 944 992 cum
960 934 1051 992 armis
1067 935 1127 992 Dni
1140 935 1311 994 Cardinalis
1330 938 1370 994 de

340 1033 459 1090 Ursinis
486 1053 555 1090 curn
580 1050 640 1090 una
666 1034 753 1108 spina
780 1033 818 1090 de
841 1033 964 1090 Corona
992 1032 1116 1090 Domini
1144 1033 1247 1091 Nostri
1275 1033 1371 1092 Jhesu

226 1179 227 1184 ,
338 1131 497 1190 Christi.»

149 1345 341 1396 sins-numu,
380 1329 471 1391 Dans
487 1345 530 1388 un
549 1325 612 1388 fort
625 1327 705 1409 long
720 1327 900 1390 inventaire
915 1329 972 1390 des
994 1328 1137 1411 reliques
1152 1330 1192 1392 de
1207 1331 1239 1392 la
1252 1331 1372 1394 sacris-

190 1413 276 1531 still?
339 1434 382 1496 tie
400 1435 440 1496 de
457 1433 604 1514 l’abbaye
620 1433 659 1494 de
676 1431 910 1495 saint-amand
924 1433 934 1459 ²
950 1451 993 1495 on
1009 1433 1046 1495 lit
1063 1451 1070 1494 :

353 1675 355 1680 ,
378 1642 390 1673 r
411 1621 500 1677 Anno
521 1621 564 1676 Μο
580 1621 616 1676 C⁰
640 1620 737 1677 XXX⁰
760 1621 800 1676 110
821 1621 1013 1694 transpositae
1032 1634 1103 1681 sunt
1120 1622 1168 1679 hae
1184 1623 1320 1698 reliquiae
1341 1625 1373 1687 in

341 1736 451 1776 novam
475 1717 593 1774 thecam
618 1717 795 1774 deauratam
821 1735 838 1773 a
863 1717 996 1776 Domino
1022 1719 1186 1792 absalone,
1211 1719 1374 1794 adjuvante

341 1815 455 1874 domno
476 1815 613 1871 Waltero
641 1815 678 1871 de
706 1815 819 1886 Torda,
849 1828 921 1872 tunc
947 1817 1084 1876 eeclesiae
1112 1817 1215 1876 Sancti
1242 1817 1374 1876 Amandi

341 1911 467 1970 custode
483 1929 490 1967 :
1355 1919 1361 1928 “

337 2010 344 2020 “
377 2011 421 2065 De
437 2008 584 2082 apostolis
598 2009 676 2066 etde
690 2009 923 2083 evangelistis...

379 2107 421 2163 De
434 2105 661 2181 martyribus...
701 2183 703 2187 Α

378 2205 421 2262 De
437 2203 520 2278 ligno
536 2203 668 2260 crucis...
1276 2229 1280 2234 ·

379 2302 423 2358 De
442 2300 525 2376 ligno
547 2299 645 2356 crucis
662 2299 762 2372 Xpisti
782 2300 865 2373 quod
878 2301 1041 2357 Formosus
1058 2301 1120 2375 (891
1149 2307 1178 2370 l·
1197 2303 1263 2376 896)
1279 2303 1374 2360 dedit.

346 2402 432 2470 Item,
456 2399 493 2456 de
518 2398 627 2455 eodem
651 2397 734 2470 ligno
754 2398 837 2470 quod
864 2397 999 2454 excisum
1021 2397 1077 2455 suit
1104 2399 1141 2455 de
1167 2387 1277 2455 vexillo
1298 2398 1377 2472 regis

342 2496 463 2554 'Karoli
487 2497 531 2552 De
557 2494 726 2568 Sepulchro
751 2494 901 2551 Domini:
930 2495 968 2552 de
987 2496 1141 2570 Praesepio
1163 2495 1314 2552 Domini:
1339 2496 1377 2553 de

347 2593 480 2668 Spongia
495 2591 633 2649 Domini:
647 2593 685 2649 de
699 2591 803 2666 spinea
815 2593 936 2649 Corona
952 2591 1075 2650 Domini
1097 2611 1104 2649 :
1120 2593 1157 2650 de
1176 2593 1303 2650 Concha
1315 2593 1377 2650 -ubi

348 2689 497 2748 Dominus
512 2689 585 2746 lavit
609 2689 701 2762 pedes
725 2688 973 2762 discipulorum:
997 2691 1034 2747 de
1057 2690 1239 2748 vestimento
1266 2703 1378 2748 sanctae

351 2787 453 2846 Mariae
468 2805 475 2844 :
492 2786 529 2842 de
549 2785 692 2843 columna
711 2787 852 2860 adquam
868 2785 1016 2844 Dominus
1031 2787 1200 2862 flagellatus
1216 2801 1270 2846 est.
1292 2807 1307 2845 s

386 2959 451 3022 Ces
466 2955 608 3037 reliques
623 2974 657 3017 se
672 2953 857 3017 trouvaient
879 2974 997 3018 encore
1019 2975 1060 3018 au
1081 2957 1185 3019 tre'sor
1205 2958 1235 3020 le
1253 2961 1290 3022 25
1307 2958 1379 3040 juin

344 3067 443 3142 .1513‚
472 3063 556 3126 ainsi
591 3082 654 3144 que
686 3063 771 3124 deux
799 3077 907 3124 autres
935 3063 1066 3125 chdsses
1090 3064 1172 3127 dans
1205 3045 1380 3147 lesquelles

346 3172 466 3235 etaient
484 3157 485 3160 ¹
504 3169 701 3232 reniermees
729 3167 912 3250 egalement
937 3169 993 3230 des
1022 3169 1135 3251 epines
1158 3171 1197 3232 de
1230 3171 1261 3234 la
1288 3153 1379 3234 Cou-

347 3298 451 3341 ronne
474 3277 495 3339 ³.
518 3275 603 3339 Mais
628 3275 655 3337 si
672 3294 757 3357 pour
772 3273 819 3336 les
836 3274 1015 3355 fragments
1035 3277 1074 3338 de
1089 3276 1120 3338 la
1138 3277 1320 3340 Couronne
1334 3279 1380 3340 du

347 3403 404 3450 rure
427 3385 646 3465 siecle„nous
673 3383 808 3444 n'avons
836 3401 965 3444 aucune
994 3381 1177 3446 indication
1205 3383 1379 3466 d'origine‚

349 3514 435 3577 pour
462 3492 509 3554 les
537 3489 710 3564 secondes‚
742 3509 826 3551 nous
855 3508 986 3564 sarone,
1014 3508 1072 3572 par
1101 3488 1237 3552 Buzelin
1267 3490 1287 3569 ⁴,
1317 3510 1381 3572 que

350 3599 496 3681 l’abbaye
530 3600 570 3660 de
604 3595 841 3662 Saint-Amand
870 3593 956 3658 avait
984 3615 1060 3676 recu
1085 3595 1143 3658 des
1172 3595 1314 3677 reliques
1342 3597 1383 3660 de

351 3704 639 3787 Constantinople,
656 3722 732 3766 sans
747 3701 955 3784 designation
970 3703 1301 3766 malheureusement.

387 3935 408 3972 r.
430 3921 522 3970 Muntz
560 3927 587 3968 et
623 3914 826 3981 Frothinghant
908 3916 1007 3984 (1894),
1023 3931 1050 3981 p.
1070 3914 1131 3966 326.

351 4009 443 4077 (Mely,
456 4009 545 4075 5649).
666 4041 667 4044 =
939 4005 963 4055 3.
980 4005 1011 4055 P.
1030 4004 1050 4068 j.
1070 4003 1113 4070 73.

383 4115 407 4150 2.
420 4099 528 4149 Desilvs
543 4093 673 4160 (L‘abbe).
688 4095 780 4146 Revue
792 4093 826 4145 de
935 4109 961 4158 4.
994 4091 1074 4143 Gallo
1087 4091 1255 4143 -Flandrim
1286 4089 1385 4154 Duaci,

352 4189 421 4241 l'Arl
450 4186 580 4248 clirelien,
601 4193 628 4234 2⁰
654 4181 724 4248 se'r.,
753 4193 771 4234 t.
801 4183 825 4232 V
910 4182 986 4248 1615,
1004 4177 1122 4248 in-f·‚p'.
1142 4181 1270 4248 286·287.
