3312 5060
339 425 405 492 144
525 421 635 472 voras
659 422 701 468 ar
725 407 854 470 arunas
879 413 1186 485 sacnnonootouas

336 661 379 718 eis
399 663 563 736 salubrius,
584 680 620 720 ex
640 662 752 736 quibus
777 662 858 718 salus
877 676 981 720 nostra
1008 664 1158 736 processit
1173 678 1202 722 et
1217 666 1247 722 in
1263 667 1374 740 quibus

336 764 459 822 assidue
474 779 506 819 se
521 778 628 818 curare
643 772 771 835 possunt
787 759 895 831 anjmae
909 759 1110 818 devotorum?

372 863 457 921 Licet
468 879 539 935 ergo
554 861 673 916 Lancea
684 871 714 916 et
725 858 809 916 Clavi
823 857 972 932 praedicti,
983 858 1103 932 aliaque
1114 859 1210 934 ipsius
1222 861 1375 936 passionis

336 961 492 1020 salutifera
506 959 718 1028 instrumenta,
730 957 791 1014 sint
806 975 822 1012 a
842 955 955 1012 Christi
975 955 1118 1013 fidelibus
1135 957 1265 1016 ubilibet
1283 977 1375 1016 vene-

336 1061 431 1120 randa
447 1072 477 1117 et
491 1059 528 1115 de
544 1058 609 1132 ipsa
629 1056 720 1114 etiam
735 1055 887 1130 passione,
903 1054 935 1112 in
954 1056 1060 1112 eadem
1081 1056 1220 1130 ecclesia,
1237 1057 1376 1116 solennia

336 1157 423 1219 annis
448 1155 574 1230 singulis
592 1153 692 1211 officia
715 1153 908 1210 celebrentur
932 1166 961 1210 et
982 1152 1066 1226 liant,
1081 1152 1206 1228 dignum
1221 1167 1323 1213 tamen
1346 1167 1376 1213 et

336 1254 521 1314 conveniens
545 1267 731 1327 reputamus,
748 1253 773 1309 si
789 1252 826 1309 de
846 1251 943 1326 ipsius
957 1252 1109 1327 passionis
1129 1251 1313 1328 specialibus
1327 1253 1375 1311 in-

336 1353 511 1414 strumentis
534 1366 563 1410 et
585 1351 754 1426 prasertim
774 1349 807 1406 in
827 1350 975 1425 partibus,
992 1350 1023 1408 in
1044 1349 1155 1425 quibus
1175 1350 1376 1409 instrumenta

336 1453 402 1526 ipsa
420 1452 564 1509 dicuntur
578 1448 694 1521 haberi,
710 1447 836 1504 solenne
861 1465 895 1505 ac
920 1448 1051 1521 speciale
1070 1448 1182 1507 festum
1204 1449 1376 1506 celebretur

337 1567 371 1607 ac
390 1550 454 1622 liat,
476 1565 594 1622 nosque
615 1546 685 1604 illos
710 1545 824 1603 Christi
849 1546 966 1621 fideles,
991 1546 1044 1621 qui
1070 1547 1172 1621 aliqua
1201 1565 1237 1604 ex
1262 1547 1375 1605 instru-

337 1647 446 1705 mentis
469 1647 543 1722 ipsis
558 1647 671 1703 habere
691 1664 723 1703 se
745 1647 887 1720 gaudent,
902 1645 934 1703 in
956 1664 1061 1704 eorum
1083 1645 1244 1704 devotione
1264 1645 1375 1702 divinis

337 1743 446 1801 officiis
464 1757 555 1818 atque
570 1743 749 1801 muneribus
766 1743 963 1817 spiritualiter
975 1743 1144 1805 foveamus.

373 1843 452 1899 Sane
463 1861 519 1916 pro
531 1855 617 1915 parte
630 1840 778 1899 carissimi
792 1841 824 1898 in
835 1842 958 1898 Christo
969 1841 1024 1898 fitii
1039 1842 1137 1899 nostri
1148 1841 1252 1898 Caroli
1264 1843 1375 1900 Roma-

337 1957 447 1998 norum
463 1953 492 1996 et
503 1939 659 1997 Bohemiae
674 1941 763 2015 Regis
775 1939 914 2013 illustris,
926 1939 1015 1997 nobis
1026 1957 1123 2014 nuper
1134 1938 1284 2014 expositO,
1293 1941 1375 2014 quod

337 2037 402 2112 ipse
421 2037 499 2094 inter
518 2055 618 2094 sacras
635 2037 792 2121 {eliquias
805 2055 873 2113 quae
888 2037 1067 2114 Imperiales
1081 2035 1245 2110 vulgariter
1256 2055 1375 2094 nuncu-

336 2147 458 2210 pantur,
484 2153 613 2209 quaeque
645 2148 791 2210 tanquam
816 2135 1061 2210 preciosissimus
1091 2134 1213 2209 Imperii
1247 2135 1377 2192 Romani

335 2233 498 2290 thesaurus
520 2247 745 2292 consueverunt
764 2252 818 2308 per
843 2235 1013 2291 Romanum
1038 2235 1149 2308 Regem
1170 2251 1223 2290 seu
1244 2233 1377 2308 Impera·

334 2331 505 2406 torem,qui
519 2345 564 2389 est
578 2349 634 2406 pro
649 2346 797 2407 tempore,
811 2332 986 2390 conservari
1001 2350 1036 2390 ac
1047 2332 1267 2390 ferventissime
1279 2333 1376 2390 hono·

337 2430 407 2500 rari,
433 2430 524 2488 habet
548 2431 579 2487 in
604 2449 659 2488 sua
683 2431 821 2488 custodia
836 2431 1014 2506 praedictam
1037 2432 1189 2488 Lanceam
1209 2431 1377 2488 sacratissi-

337 2545 427 2598 mam,
443 2547 561 2586 necnon
576 2547 670 2586 unum
687 2547 723 2586 ex
739 2529 841 2586 Clavis
851 2528 1017 2604 praedictis,
1031 2541 1122 2602 prout
1136 2527 1377 2602 praedecessores

337 2627 384 2683 sui
399 2627 489 2684 clarae
512 2627 666 2684 memoriae
688 2627 830 2684 catholici
853 2629 1060 2684 Romanorum
1080 2627 1177 2701 Reges
1198 2643 1251 2681 seu
1277 2625 1376 2696 lmpe-

337 2737 451 2782 ratores
471 2725 561 2783 etiam
577 2725 759 2796 habuerunt,
777 2738 806 2782 et
821 2727 903 2799 quod
918 2727 956 2782 ad
979 2726 1059 2800 ipsas
1075 2723 1232 2797 reliquias,
1248 2721 1378 2779 habetur

336 2822 368 2878 in
383 2821 443 2879 illis
458 2822 596 2897 partibus
609 2839 717 2896 magna
731 2822 852 2880 devotio
866 2837 895 2881 et
910 2841 1076 2881 concursus
1090 2823 1180 2880 etiarn
1192 2821 1377 2897 populorum

337 2933 366 2978 et
392 2939 445 2995 per
474 2923 605 2981 eundern
633 2926 745 3002 Regem
778 2927 861 2984 velut
890 2927 1074 2986 catholicum
1105 2919 1286 2997 plincipem,
1310 2920 1376 2977 zelo

337 3018 507 3076 devotionis
527 3040 700 3096 accensum,
717 3025 807 3082 nobis
828 3025 984 3082 humiliter
1003 3022 1184 3097 supplicato,
1202 3033 1234 3076 ut
1249 3020 1287 3076 de
1303 3018 1377 3092 ipsis

339 3115 459 3173 Lancea
483 3131 512 3175 ct
533 3120 645 3195 Clavis,
662 3137 722 3180 tam
747 3142 802 3197 pro
819 3141 926 3180 eorum
940 3120 1137 3180 veneratione
1151 3117 1267 3192 majori,
1286 3134 1378 3190 quarn

336 3232 392 3288 pro
409 3217 537 3274 Romani
552 3218 671 3295 imperii
687 3222 789 3280 lavore
803 3235 832 3280 et
846 3222 961 3278 honore
977 3218 1130 3294 praecipue
1141 3216 1251 3273 festum
1267 3215 1298 3270 in
1311 3213 1376 3270 Ala·

337 3311 445 3369 maniae
464 3327 493 3371 et
518 3317 673 3374 Bohemiae
688 3319 825 3393 partibus
845 3331 994 3392 perpetuo
1015 3312 1163 3373 celebrari
1186 3325 1317 3370 statuere
1343 3329 1378 3368 ac

336 3411 502 3487 praecipere
517 3413 721 3488 dignaremur.

375 3512 439 3568 Nos
462 3513 564 3588 itaque
584 3518 752 3591 cupientes,
777 3519 859 3592 quod
882 3517 939 3592 ipsi
955 3520 1075 3576 Lancea
1089 3529 1179 3590 atque
1196 3513 1280 3571 Clavi
1300 3527 1380 3586 prae-

337 3607 420 3676 dicti,
435 3609 466 3667 in
487 3613 624 3684 partibus
645 3616 774 3672 maxime
789 3616 820 3672 in
846 3616 956 3689 quibus
980 3616 1131 3674 habentur
1146 3627 1175 3672 et
1195 3627 1379 3670 conservan-

336 3719 397 3778 tur,
415 3720 499 3765 tanto
524 3711 562 3766 ab
588 3711 661 3785 ipsis
684 3713 796 3771 Christi
824 3713 966 3770 fidelibus
991 3713 1131 3771 devotius
1152 3721 1378 3778 venerarentur,

338 3817 452 3878 quanto
467 3825 522 3881 pro
538 3807 612 3882 ipsis
627 3811 826 3868 celebriorem
841 3811 1001 3868 Altissimo
1017 3811 1133 3868 cultum
1148 3808 1278 3868 viderint
1299 3803 1380 3862 exhi-

337 3903 413 3974 beri,
439 3905 557 3963 devotis
579 3925 702 3980 quoque
723 3908 859 3981 ejusdem
880 3909 970 3982 Regis
993 3907 1270 3985 supplicationibus
1291 3902 1380 3960 incli-

337 4001 411 4074 nati,
419 4003 597 4076 Apostolica
607 4005 786 4064 auctoritate
800 4009 995 4065 statuendum
1008 4008 1149 4066 duximus
1159 4020 1188 4065 et
1199 4005 1290 4063 etiam
1301 4000 1381 4059 ordi·

339 4097 484 4171 nandum,
501 4104 583 4176 quod
599 4106 636 4162 ad
652 4105 747 4180 ipsius
763 4108 930 4166 Salvatoris
946 4109 1041 4166 nostri
1062 4109 1183 4165 laudem
1199 4119 1228 4163 et
1240 4101 1378 4179 gloriam,

338 4193 551 4268 depraemissis
562 4201 828 4264 LanceaetClavis
840 4219 869 4264 et
880 4203 1212 4264 subeorumvocabulo
1223 4198 1380 4276 proprium
