3312 5060
344 403 407 449 100
532 399 640 448 nonas
663 399 705 446 aa
729 386 857 448 anonas
881 385 1188 458 nncnaotomonns

338 637 410 694 bilia
425 637 518 694 multa
522 677 575 694 .....
594 637 628 694 ln
642 635 708 710 ipsa
723 636 864 692 columna
878 649 924 694 est
938 653 1034 694 cornu
1049 633 1136 708 illud,
1153 634 1264 709 dequo
1280 652 1365 710 reges

337 737 528 811 ungebantur
545 747 575 791 et
587 733 692 791 David.
707 732 752 790 Ibi
768 745 814 792 est
834 745 864 792 et
878 751 992 791 cotona
1008 732 1122 809 spinea,
1143 749 1203 806 qua
1217 731 1366 790 Dominus

337 833 393 892 fuit
425 845 600 904 coronatus,
624 843 655 890 et
676 830 792 904 lancea,
814 831 852 888 de
881 849 941 906 qua
966 831 997 888 in
1023 831 1115 889 latere
1140 848 1313 906 percussus,
1338 843 1366 890 et
1399 841 1402 848 ’

337 931 453 1006 lapides
468 928 565 1002 multi,
581 945 650 985 cum
665 927 775 1002 quibus
787 927 939 1002 lapidatus
954 942 999 987 est
1010 928 1189 1005 Stephanus.
1199 975 1206 988 .

430 1056 597 1121 [Antoninus
615 1062 728 1119 martyr,
740 1049 783 1102 De
794 1049 874 1102 Locis
884 1051 994 1112 sanctis,
1009 1067 1052 1118 ap.
1063 1052 1169 1105 Tobler
1183 1054 1247 1119 (Τ.),
1261 1051 1366 1106 Itinera

396 1143 661 1207 Hierasolrmnana,
674 1141 793 1204 Genive,
806 1139 882 1204 Fici,
901 1140 977 1210 1879,
990 1140 1066 1206 in·8·,
1082 1153 1101 1193 t.
1113 1142 1133 1205 Ι,
1149 1158 1176 1210 p.
1194 1141 1263 1208 103.]

836 1423 862 1480 3.

370 1578 407 1633 X.
428 1609 462 1619 -—
482 1576 528 1633 De
540 1577 658 1634 Lancea
676 1574 792 1646 ntiiitis,
808 1571 868 1650 qua
883 1573 963 1632 tatus
976 1573 1105 1633 Domini
1120 1577 1181 1654 ipse
1191 1579 1329 1658 pupugit.

370 1807 452 1864 Idem
479 1805 621 1863 Arculius
649 1803 847 1861 nihilominus
875 1817 906 1862 et
933 1805 1015 1862 illam
1041 1808 1198 1882 conspexit
1227 1809 1363 1867 lanceam

334 1905 449 1976 militis,
465 1921 524 1978 qua
543 1905 622 1961 latus
640 1901 779 1958 Dominis
800 1901 830 1958 in
857 1919 946 1959 cruce
964 1903 1124 1977 pendentis
1152 1905 1216 1980 ipse
1239 1924 1363 1982 percus·

335 2017 421 2061 serat.
447 2003 512 2060 Hec
529 2001 634 2058 eadem
654 2000 758 2056 lancea
777 1998 809 2056 in
829 1999 948 2074 porticu
964 1999 1045 2058 illius
1065 2001 1257 2059 Constantini
1283 2003 1363 2060 basi-

334 2101 400 2159 licae
420 2103 499 2174 [quae
515 2113 544 2157 et
558 2099 737 2172 Martyrium
752 2097 948 2172 appellatur]¹
962 2099 1073 2157 inserta
1086 2099 1214 2156 habetur
1227 2100 1258 2158 in
1274 2119 1363 2158 cruce

335 2198 443 2273 lignea,
470 2195 555 2270 cujus
580 2194 688 2252 hastile
714 2197 738 2268 Γ
758 2195 796 2251 al.
829 2194 978 2269 hassale]¹
1007 2195 1038 2252 in
1066 2197 1141 2254 duas
1168 2197 1296 2256 scissum
1314 2177 1363 2256 'est

333 2311 433 2372 partes
454 2314 461 2351 ε
486 2311 576 2369 quam
600 2292 739 2350 similiter
770 2305 834 2350 tota
861 2293 1139 2369 Hierosolymitana
1166 2294 1362 2370 frequentans

333 2394 489 2452 osculatur
503 2405 531 2450 et
545 2405 706 2448 veneratur
720 2389 835 2448 civitas.

425 2515 575 2584 [Arcuifun
587 2515 628 2568 De
642 2515 722 2566 Locis
731 2514 848 2575 Sanctis,
862 2529 906 2581 ap.
917 2513 1021 2566 Itinera
1032 2513 1297 2583 Hierosolymitana‚
1310 2525 1328 2568 t.
1338 2515 1360 2578 1,

394 2627 419 2676 p.
434 2609 501 2673 153.]

830 2855 857 2907 4.

332 2995 371 3050 ΙΙ.
387 3023 419 3034 -
433 2991 479 3048 De
493 2989 616 3048 ecclesia
635 2987 884 3048 Constantiniana
903 2997 933 3043 et
947 2985 1193 3064 Golgotitana....,
1206 2983 1241 3042 de
1255 2985 1358 3043 iancea

789 3084 906 3142 militis.

366 3363 398 3379 ...
410 3320 543 3378 ,Lancea
554 3317 658 3376 militis
671 3317 783 3374 inserta
796 3315 923 3372 habetur
935 3313 966 3371 in
978 3331 1066 3370 cruce
1081 3312 1180 3388 lignea
1193 3312 1224 3370 in
1239 3311 1356 3387 porticu

329 3416 478 3492 Martyrii,
493 3417 579 3491 cujus
594 3417 702 3476 hastile
716 3416 747 3473 in
763 3416 838 3474 duas
852 3412 1026 3472 intercisum
1041 3425 1141 3486 partes
1156 3424 1251 3470 stota
1266 3428 1356 3468 vene·

328 3529 411 3573 ratur
425 3514 555 3573 civitate.

422 3643 516 3706 [Beda
533 3641 574 3692 De
589 3639 669 3692 Locis
691 3637 810 3700 Sanctis,
841 3651 885 3702 ap.
900 3633 1005 3686 Itinera
1023 3633 1284 3703 Hietosolymitana,
1300 3643 1318 3684 t.
1335 3632 1355 3697 1,

389 3748 416 3799 n·
434 3733 505 3800 πη]

362 3945 382 3980 t.
398 3931 451 3995 Αρ.
472 3928 616 3979 Mabillon.
