3314 5052
605 443 647 488 un
672 439 793 488 sumre
816 440 997 493 consonus
1256 423 1317 493 185

978 565 1322 580 ——2-1—

290 681 453 746 anterieur
467 698 509 742 au
531 691 589 740 111⁸
614 678 730 754 siecle;
752 677 783 740 la
804 679 1031 740 concordance
1053 693 1143 740 entre
1167 679 1198 741 la
1213 679 1322 760 paleo·

218 814 220 818 ·
291 789 424 872 graphie
439 802 470 850 et
485 785 715 866 l'archeologie
729 799 777 846 est
792 783 834 845 ici
850 783 996 864 parlaite.

333 895 360 958 ll
376 915 415 956 en
431 911 501 955 sera
514 894 553 954 de
573 896 691 966 meme,
715 889 796 952 mais
815 889 902 952 alors
916 909 1000 971 pour
1020 888 1050 950 le
1075 889 1174 952 motil
1191 890 1322 952 absolu·

292 1017 381 1064 ment
395 999 569 1076 contraire,
584 999 629 1061 du
643 997 744 1059 Liber
757 996 797 1059 de
813 994 1054 1059 Constitutione
1077 997 1117 1058 de
1133 996 1320 1076 Charroux,

293 1108 349 1190 qui
374 1127 391 1170 a
413 1106 563 1188 toujours
588 1106 636 1166 ete
658 1101 791 1185 regardo
814 1121 943 1164 comme
962 1102 1073 1164 datant
1097 1101 1323 1185 pale'ographi·

293 1229 448 1298 quement
463 1215 507 1276 du
519 1222 575 1276 ιιι·
590 1211 698 1275 siecle.
717 1212 745 1274 ll
758 1209 903 1274 contient
915 1228 956 1271 en
969 1207 1042 1270 effer
1057 1229 1102 1271 un
1117 1228 1206 1272 assez
1221 1209 1324 1291 grand

294 1322 432 1384 nombre
455 1322 495 1383 de
518 1339 571 1381 ces
594 1319 736 1402 reliques
758 1313 1073 1380 invraisemblables.
1101 1313 1188 1376 C'est
1203 1313 1252 1376 lui
1267 1313 1325 1396 qui

293 1427 429 1509 pretend
459 1444 544 1487 nous
573 1423 651 1485 fixer
670 1443 727 1486 sur
749 1423 778 1484 le
809 1439 877 1487 sort
897 1426 954 1487 des
978 1425 1090 1507 epines
1122 1427 1283 1504 envoye'es
1308 1419 1327 1482 a

295 1532 534 1612 Charlemagne
550 1551 607 1613 par
625 1531 655 1592 le
670 1529 853 1612 patriarche
869 1531 909 1592 de
923 1531 1117 1594 Jerusalem.

336 1637 364 1700 Il
392 1653 543 1718 rapporte
563 1637 660 1718 qu’cn
686 1657 760 1717 799,
788 1638 1028 1722 Charlemagne
1057 1646 1145 1702 etant
1170 1639 1188 1700 d
1209 1636 1329 1700 Aixla-

297 1743 466 1824 Chapelle,
495 1757 585 1820 requt
611 1743 655 1803 du
684 1743 867 1823 patriarche
898 1746 937 1806 de
963 1745 1155 1824 Jerusalem,
1193 1747 1327 1806 nomme

295 1849 455 1926 Thomas,
476 1867 534 1930 par
558 1847 728 1928 Gregoire‚
746 1849 840 1928 abbe,
861 1865 891 1912 et
907 1851 1009 1924 Fe'lix,
1035 1851 1146 1914 moine
1170 1853 1215 1914 du
1231 1853 1328 1914 Mont

297 1956 352 2016 des
369 1954 523 2030 Oliviers,
549 1955 589 2032 de
611 1954 825 2016 nombreuses
847 1956 1001 2037 reliques,
1026 1973 1057 2018 et
1071 1957 1152 2039 qu'il
1166 1957 1213 2020 les
1231 1957 1328 2019 remit

296 2081 337 2123 au
357 2075 464 2122 comte
490 2061 609 2140 Roget,
632 2078 838 2140 gouverneur
859 2061 899 2121 de
926 2061 1099 2144 Limoges3
1123 2062 1256 2126 celui-ci
1280 2063 1328 2124 les

297 2165 384 2228 offrit
400 2186 440 2228 au
463 2165 646 2227 monastere
671 2166 711 2226 de
736 2165 909 2228 Charroux
937 2167 1018 2229 dont
1041 2168 1064 2228 il
1080 2169 1155 2231 erait
1170 2169 1200 2230 le
1216 2169 1329 2230 londa·

298 2287 369 2335 teur
384 2271 403 2334 ¹.
422 2271 464 2334 Et
479 2290 530 2332 ces
553 2269 695 2351 reliques
714 2270 833 2333 e'taient
847 2271 894 2332 les
908 2271 1094 2334 suivantes:

333 2465 408 2521 «De
436 2464 536 2522 radice
558 2463 651 2520 Illicis
674 2465 819 2532 Manbrae‚
845 2463 898 2520 ubi
917 2463 1066 2521 Dominus
1090 2463 1232 2538 infigura
1257 2465 1327 2521 Tri-

298 2561 399 2620 nitatis
415 2561 533 2619 locutus
549 2573 593 2618 est
606 2561 746 2618 Abrahae.
764 2562 807 2618 De
821 2560 969 2634 praesepio
984 2561 997 2618 J
1003 2577 1055 2618 esu
1069 2560 1192 2619 Christi.
1210 2564 1253 2620 De
1272 2563 1327 2619 tri-

297 2660 358 2716 tico
373 2677 463 2733 quem
478 2658 616 2716 Christus
631 2658 694 2715 suis
705 2658 845 2715 manibus
858 2658 1027 2716 seminavit.
1043 2659 1086 2716 De
1099 2659 1191 2716 ramis
1207 2672 1236 2718 et
1246 2659 1327 2716 foliis

298 2758 446 2814 olivarum
456 2775 524 2813 cum
539 2756 649 2830 quibus
663 2755 861 2813 obviaverunt
872 2755 1003 2812 Domino
1016 2757 1103 2829 pueri
1115 2758 1327 2814 Hebraeorum.

299 2856 343 2911 De
358 2853 480 2910 vinculo
502 2852 638 2926 corrigiae
659 2869 720 2925 quo
736 2851 885 2908 Dominus
911 2851 968 2908 luit
988 2853 1106 2917 vinctus
1122 2855 1160 2911 ad
1174 2854 1329 2928 flagellan-

300 2953 382 3008 dum.
404 2951 447 3005 De
474 2947 652 3004 vestimento
679 2959 708 3003 et
732 2946 835 3004 tunica
864 2958 893 3003 et
919 2947 1013 3020 pallio
1036 2949 1106 3005 Jesu
1128 2949 1251 3007 Christi.
1286 2953 1329 3010 De

300 3050 404 3124 spinea
427 3067 540 3106 corona
570 3046 705 3105 Domini.
737 3047 780 3102 De
809 3046 891 3120 ligno
916 3060 1028 3104 sanetae
1058 3049 1164 3105 Crucis
1193 3049 1331 3123 portiun-

300 3147 376 3204 culae
396 3148 463 3204 Xll.
481 3148 523 3202 De
545 3144 672 3218 spongia
687 3143 733 3200 ori
749 3143 813 3216 ejus
828 3144 931 3200 oblata
947 3157 975 3200 et
997 3145 1034 3200 de
1050 3146 1197 3202 arundine
1217 3147 1249 3202 in
1272 3165 1331 3221 qua

300 3242 356 3302 luit
375 3243 590 3317 circumligata.
612 3243 655 3300 De
669 3242 792 3299 sudario
808 3241 891 3314 quod
907 3241 964 3298 luit
983 3259 1072 3315 super
1087 3255 1177 3316 caput
1189 3245 1272 3303 Jesu.
1296 3247 1333 3310 Et

301 3344 338 3399 de
362 3341 523 3416 sepulchro
549 3341 614 3412 ejus
637 3341 836 3396 abundanter.
863 3339 906 3395 De
929 3338 1109 3395 infractione
1130 3339 1218 3410 panis
1242 3357 1332 3414 quem

302 3437 449 3493 Dominus
461 3435 544 3492 dedit
555 3434 711 3508 discipulis
728 3434 799 3492 suis.
819 3437 863 3492 De
878 3435 1064 3492 vestimentis
1086 3449 1199 3494 sanctae
1216 3437 1330 3494 Mariae.

302 3533 379 3588 Ossa
394 3533 622 3591 Innocentibus.
639 3533 682 3589 De
698 3532 844 3607 sanguine
864 3532 960 3589 sancti
975 3533 1120 3606 Stephani
1143 3546 1203 3590 tres
1223 3534 1332 3608 portio·

301 3647 355 3686 nes
370 3631 509 3704 grandes.
528 3653 540 3682 r

343 3834 457 3916 Cequi
469 3850 515 3896 est
527 3834 793 3898 tresinteressant
810 3835 890 3898 dans
902 3855 936 3896 ce
957 3835 1078 3896 second
1097 3834 1185 3912 re'cit,
1204 3834 1280 3897 c'est
1293 3836 1333 3898 de

301 3939 373 4002 voir
387 3940 428 4016 lit,
443 3959 526 4022 pour
538 3941 569 4003 la
583 3942 742 4023 premiere
758 3941 832 4020 fois,
849 3942 895 4003 les
917 3946 1059 4022 envoyes
1072 3942 1116 4004 du
1134 3941 1332 4022 Patriarche,

337 4192 358 4227 r.
375 4177 445 4226 Dom
461 4177 597 4243 Bouquet,
613 4177 688 4228 Hist.
703 4177 750 4228 des
766 4177 877 4240 Goulos,
893 4187 911 4228 t.
927 4178 960 4240 V,
981 4192 1084 4243 p.421.

1377 945 1503 980 charroux

1381 1025 1405 1060 x·
1415 1011 1493 1060 siecle.
