3312 5060
371 421 433 506 i16
553 457 662 506 nores
688 457 729 505 nr
754 442 882 504 drunns
905 444 1212 518 tacudotocmuas

365 716 377 748 r
398 712 471 770 pum
484 693 716 768 processissent,
733 695 771 750 ad
786 693 844 750 tria
865 693 926 751 fere
947 691 1039 766 milia,
1057 712 1127 754 ecce
1141 696 1284 754 vexillum
1299 699 1395 756 admi-

365 814 378 847 α
398 791 493 851 rabile
513 793 665 852 excelsum
688 792 774 851 valde
799 803 828 848 et
852 791 1027 864 candidum,
1043 807 1073 851 et
1090 812 1164 852 *cum
1182 813 1219 853 eo
1234 796 1396 855 multitudo

364 914 377 948 r
398 892 529 949 militum
543 891 712 962 innumera,
727 909 761 948 ac
776 903 884 948 ventus
901 889 1015 965 pariter
1029 905 1057 950 et
1080 893 1300 969 pulvisnimls,
1314 908 1343 954 et
1364 896 1396 954 in

363 1013 377 1046 r
397 1005 511 1050 tantam
526 989 627 1064 fugam
641 989 760 1047 ‘lurcos
776 989 876 1060 vertit,
892 1003 925 1047 ut
939 989 1005 1064 ipsa
1022 1006 1114 1064 arma,
1129 989 1210 1065 ipsas
1223 992 1315 1050 etiam
1328 1011 1396 1051 ves·

363 1107 442 1150 rtes
467 1091 584 1166 fugitivi
613 1090 801 1165 proicerent;
828 1101 857 1146 et
884 1088 928 1146 sic
957 1107 1073 1162 omnes,
1103 1090 1166 1146 D'eo
1192 1090 1394 1166 dispergente,

362 1213 376 1245 r
396 1191 506 1266 dilapsi
523 1205 602 1262 sunt,
619 1203 652 1248 ut
673 1205 823 1264 nusquam
847 1187 958 1246 nostris
984 1201 1163 1264 apparerent
1178 1189 1307 1264 amplius
1324 1209 1395 1249 :res

360 1307 376 1346 tt
395 1289 485 1346 mira!
502 1290 610 1363 Neque
625 1287 706 1346 enim
724 1287 807 1344 unde
821 1287 975 1358 vexillum,
991 1288 1038 1345 vel
1054 1287 1106 1362 qui
1126 1303 1196 1345 cum
1215 1305 1252 1346 eo
1272 1288 1393 1363 fuerint,

361 1415 373 1444 tt
394 1388 484 1447 alicui
500 1403 615 1447 certum
635 1401 689 1446 est.
708 1387 814 1444 Nostri
830 1387 943 1462 itaque,
958 1388 1136 1462 ¹colligentes
1154 1388 1277 1448 exuvias
1299 1405 1329 1450 et
1344 1391 1391 1448 in·

360 1511 372 1544 r
394 1490 511 1548 finitam
532 1491 656 1564 predam
683 1489 874 1564 fugientium,
896 1488 1024 1563 ingressi
1048 1491 1165 1564 urbem,
1186 1507 1295 1564 magno
1308 1489 1394 1547 exul·

359 1588 600 1664 «teutgaudio.
625 1589 694 1661 lpsa
717 1601 818 1644 autem
838 1587 898 1658 die,
922 1600 1038 1644 tantam
1066 1587 1216 1644 Dominus
1240 1587 1324 1646 dedit
1349 1588 1393 1646 eis

359 1687 606 1744 «alimentorum
628 1700 658 1745 et
681 1699 853 1744 ceterorum
877 1687 1028 1742 bonorum
1050 1685 1168 1761 copiam
1191 1700 1225 1744 ut
1244 1701 1391 1745 autumno

351 1806 373 1863 'r
394 1786 474 1860 apud
498 1805 554 1843 nos
578 1803 634 1842 nec
658 1798 741 1842 tanta
767 1784 806 1842 sit
830 1783 1048 1842 habundantia.
1075 1785 1165 1842 Nunc
1192 1803 1264 1843 vero
1293 1803 1393 1844 arcem

359 1903 371 1936 r
392 1881 524 1940 civitatis
542 1895 571 1940 et
593 1899 715 1939 omnem
730 1881 810 1939 circa
829 1881 985 1956 regionem
1005 1881 1099 1939 libere
1114 1882 1283 1956 possident,
1296 1901 1393 1958 usque

360 2002 373 2034 r
396 1980 434 2037 ad
447 1981 635 2054 superiorem
652 1980 788 2037 Niceam.
806 2003 819 2034 r

394 2076 460 2134 Hec
475 2095 577 2134 coram
593 2064 736 2136 omnibus
749 2080 869 2135 Brunus
884 2077 1015 2136 fideliter
1030 2077 1184 2154 explicuit.
1201 2079 1265 2136 Nos
1280 2091 1391 2152 autem,

356 2175 463 2234 fratres
479 2175 640 2249 karissimi,
657 2195 763 2234 omnes
785 2197 839 2236 vos
859 2177 910 2252 qui
929 2176 1057 2251 preestis
1071 2177 1204 2253 populis,
1221 2195 1344 2236 oramus
1363 2193 1392 2238 et

357 2277 553 2332 obsecramus
567 2274 597 2331 in
614 2275 756 2347 Domino,
767 2288 800 2331 ut
816 2273 928 2331 Christi
939 2273 1108 2347 victoriam,
1124 2275 1231 2334 vestris
1245 2276 1390 2334 enarretis

356 2385 386 2430 et
405 2372 571 2447 explanetis
590 2371 672 2445 filiis,
695 2373 892 2429 admonentes
912 2385 941 2430 et
962 2372 1000 2428 ad
1020 2373 1230 2431 remissionem
1248 2387 1390 2448 peccato-

355 2491 422 2530 rum
437 2471 639 2546 injungentes,
655 2486 689 2529 ut
708 2487 907 2544 quoscunque
931 2470 1028 2540 decet,
1049 2471 1182 2545 exceptis
1203 2473 1389 2547 pauperibus

354 2581 384 2626 et
408 2555 597 2639 mulieribus,
616 2581 645 2625 et
667 2567 710 2625 ire
731 2566 895 2642 prevalent,
918 2565 1023 2624 fratres
1046 2569 1165 2626 adeant.
1183 2570 1246 2627 Vos
1266 2587 1388 2644 quoque

354 2666 461 2722 devote
481 2679 510 2723 et
530 2665 652 2722 assidue
675 2663 799 2738 psalmis
820 2677 850 2720 et
872 2663 982 2738 vigiliis
1002 2663 1112 2722 instate
1134 2679 1163 2724 et
1184 2667 1386 2740 orationibus,

353 2777 396 2837 ut,
413 2783 503 2840 quam
519 2765 615 2822 acturi
631 2779 700 2822 sunt
715 2764 793 2820 viam
810 2781 864 2837 per
879 2763 1018 2820 nationes
1034 2766 1186 2835 barbaras,
1205 2767 1312 2826 muniti
1326 2781 1387 2825 tam

353 2863 534 2920 bellatorum
554 2861 646 2920 armis
670 2879 760 2937 quam
782 2861 1017 2918 intercessorum
1041 2863 1166 2936 meritis,
1190 2879 1287 2922 tutam
1304 2879 1386 2924 tran-

352 2961 538 3035 quillamque
552 2960 643 3018 vitam
659 2972 758 3034 agant.
776 2960 891 3016 Notum
911 2976 1033 3033 quoque
1046 2960 1133 3017 vobis
1148 2960 1286 3034 facimus,
1303 2962 1386 3035 quod

351 3061 481 3117 domnus
496 3075 574 3132 papa
589 3059 731 3115 Urbanus
747 3057 827 3131 apud
843 3057 953 3114 Barum
966 3069 1049 3115 tenet
1064 3042 1237 3129 ¹concilium,
1253 3071 1385 3118 tractans

351 3172 380 3217 et
406 3157 582 3233 disponens,
607 3174 676 3214 cum
697 3155 800 3214 multis
819 3167 898 3212 terre
922 3153 1125 3231 senatoribus,
1152 3160 1190 3217 ad
1217 3159 1384 3216 Jerusalem

349 3255 487 3332 profecto
502 3257 637 3314 tendere.

384 3355 499 3413 Valete.

443 3479 584 3545 [Archives
599 3478 633 3530 de
644 3479 759 3531 l'Oru'ent
772 3481 851 3542 latin,
868 3491 886 3532 t.
903 3481 923 3545 l,
940 3497 966 3548 p.
986 3483 1056 3549 223]

845 3789 876 3826 12

383 3917 453 3976 Dies
472 3937 581 3994 pugnae
597 3919 750 3978 indicitur.
773 3921 948 3978 Procedunt
963 3919 1127 3978 Christiani
1147 3937 1216 3977 cum
1232 3919 1378 3978 militibus

345 4028 375 4074 et
397 4017 561 4090 peditibus,
582 4017 631 4075 vix
645 4019 683 4074 ad
704 4017 762 4077 tria
784 4018 878 4075 millia
897 4019 1037 4076 estimati.
1062 4017 1218 4091 Principes
1238 4017 1377 4091 gradiun-

344 4127 394 4171 tur
418 4113 449 4170 in
473 4113 582 4186 fronte,
599 4113 715 4174 scilicet
733 4116 914 4190 patriarcha,
930 4133 986 4190 pro
1006 4115 1116 4175 vexillo
1134 4116 1234 4174 serens
1256 4134 1376 4173 crucem

344 4209 476 4283 Christi;
493 4212 587 4268 abbas
602 4212 675 4270 olim
690 4214 902 4272 Cluniacensis
917 4214 1055 4284 Pontius,
1069 4214 1226 4288 proferens
1240 4213 1376 4272 lanceam
