3312 5060
379 418 446 486 ¹14
560 417 669 466 noras
693 418 735 465 ar
759 403 888 466 arunas
911 402 1218 477 aacudouonrouas

373 674 450 729 mus,
479 655 595 714 cunctis
624 672 693 714 rere
722 667 751 712 et
778 653 909 712 fideliter
934 652 1138 728 notificamus,
1167 674 1228 730 quo
1258 670 1413 734 ternpore,¹

272 753 277 766 ⁸
371 765 485 828 quanto
514 771 582 810 cum
614 752 778 826 triumpho,
809 751 953 810 fratribus
984 752 1107 824 nostris,
1127 754 1405 829 propugnatoribus

371 851 444 923 suis,
460 851 669 927 potentissima
680 851 792 910 Christi
804 853 936 926 dextera,
947 864 1015 926 post
1026 851 1160 909 laborem
1171 864 1200 909 et
1209 852 1353 926 pericula,
1366 854 1404 911 de

370 950 495 1024 paganis
509 950 630 1026 plenam
644 949 728 1008 dedit
744 949 913 1008 victoriam.
926 948 1007 1006 Civis
1023 949 1146 1024 quidam
1160 961 1273 1024 noster,
1283 951 1404 1008 Brunus

370 1047 503 1120 nomine,
527 1047 643 1106 cunctis
665 1047 754 1104 nobis
774 1061 874 1119 notus,
892 1047 1010 1104 cunctis
1029 1046 1214 1120 carissimus,
1234 1065 1313 1104 anno
1333 1059 1402 1105 ante

368 1145 449 1202 hunc
463 1147 619 1220 preterito,
634 1165 703 1204 curn
717 1147 884 1220 Anglorum
904 1145 1043 1219 navibus,
1060 1146 1097 1203 ad
1112 1145 1208 1221 ipsam
1222 1163 1319 1222 usque
1333 1163 1402 1222 per-

367 1245 450 1303 venit
464 1244 667 1317 Antiochiam,
683 1243 736 1301 ubi
751 1243 863 1301 laboris
874 1261 975 1301 comes
988 1257 1017 1300 et
1027 1243 1164 1318 periculi,
1178 1243 1322 1318 triumphi
1337 1262 1403 1319 par-

368 1342 462 1418 ticeps
478 1357 507 1401 et
525 1342 638 1418 gaudii,
657 1342 800 1417 pugnavit
815 1360 883 1399 cum
902 1341 1118 1416 pugnantibus,
1130 1341 1235 1400 esuriit
1249 1360 1319 1400 cum
1339 1360 1403 1399 esu-

369 1441 526 1514 rientibus,
539 1441 611 1498 vicit
622 1458 743 1515 quoque
759 1459 827 1498 cum
837 1439 1038 1510 vincentibus,
1052 1454 1090 1514 et,
1102 1453 1170 1515 post
1181 1441 1240 1515 jam
1250 1453 1402 1518 peractam

368 1557 404 1597 ex
413 1553 479 1598 toto
494 1539 663 1611 victoriam,
675 1557 745 1597 cum
758 1538 900 1596 omnibus
911 1538 954 1596 ibi
968 1557 1022 1613 per
1034 1553 1094 1597 tres
1103 1540 1287 1614 septimanas
1298 1538 1401 1596 conle-

366 1651 456 1710 tatus,
474 1640 512 1695 ad
527 1656 583 1694 nos
606 1635 686 1694 felici
711 1654 801 1693 cursu
818 1636 907 1694 rediit
917 1638 935 1693 ¹.
950 1639 1048 1706 Quem
1063 1650 1230 1695 statuentes
1249 1637 1280 1694 in
1299 1635 1400 1693 medio

366 1754 471 1811 puram
487 1734 715 1810 simplicemque
730 1733 772 1791 rei
787 1733 955 1808 veritatem,
967 1735 1023 1792 hac
1034 1752 1103 1792 ecce
1118 1735 1214 1810 ipsius
1226 1733 1399 1792 narratione

366 1832 555 1907 accepimus:

402 1952 421 1985 a
436 1931 513 1986 Cum
531 1928 771 2004 pervenissemus
788 1927 992 2000 Antiochiam,
1009 1947 1065 1986 nos
1081 1929 1133 2002 qui
1149 1945 1202 2004 per
1219 1947 1299 1986 mare
1314 1928 1398 1988 navi-

367 2048 379 2080 a
400 2027 555 2102 gabatnus,
573 2025 722 2084 exercitus
738 2025 790 2100 qui
805 2043 859 2099 per
873 2038 984 2082 terram
999 2025 1135 2100 undique
1150 2027 1336 2086 confluxerat
1350 2029 1398 2086 vix

366 2147 379 2178 a
401 2127 476 2182 bene
490 2123 643 2182 civitatem
658 2123 718 2197 jam
741 2122 986 2180 circumsederat.
1004 2123 1149 2198 Sequenti
1169 2123 1229 2196 die,
1244 2125 1397 2201 principes

364 2247 379 2275 ι(
399 2223 495 2281 nostri
515 2223 685 2298 procedunt
703 2222 742 2278 ad
760 2238 853 2292 mare,
873 2219 1014 2278 visitandi
1031 2239 1088 2278 nos
1107 2221 1213 2296 gratia.
1230 2224 1399 2280 Hortamur

366 2342 378 2374 r
399 2339 455 2378 nos
471 2335 503 2379 ut
523 2322 561 2378 ad
576 2320 794 2378 construendas
812 2319 884 2376 belli
900 2319 1054 2376 machinas
1075 2319 1232 2394 copiosam
1247 2321 1398 2395 lignorum

365 2439 378 2471 r
399 2419 589 2476 conferamus
605 2417 776 2490 materiam3
789 2418 871 2491 quod
881 2417 994 2474 iactum
1010 2434 1151 2490 magnum
1166 2418 1254 2476 nobis
1269 2418 1325 2477 fuit
1336 2418 1397 2476 dis-

364 2515 553 2589 «pendium.
583 2515 688 2572 Tertio
715 2529 815 2572 autem
842 2532 938 2572 nonas
968 2515 1077 2586 martii,
1107 2515 1138 2572 id
1166 2530 1211 2574 est
1228 2516 1326 2590 prima
1347 2515 1396 2572 die

367 2635 381 2665 «
401 2613 546 2684 veneris²,
563 2625 698 2670 statuunt
708 2613 803 2670 nostri
815 2612 846 2670 in
857 2612 1038 2670 occidentali
1048 2625 1135 2685 porta
1146 2613 1275 2672 civitatis
1289 2613 1397 2672 castel-

280 2733 282 2739 *
368 2713 464 2768 «lum
491 2711 615 2785 erigere,
644 2713 723 2785 jactu
759 2712 865 2768 baliste
892 2711 1074 2785 proximum,
1101 2711 1177 2788 quod
1197 2729 1272 2768 nunc
1303 2712 1396 2767 Beate

368 2833 381 2865 r
400 2811 502 2868 Marie
512 2810 631 2867 dicitur.
645 2809 705 2866 Ubi
720 2809 785 2884 ipsa
798 2809 856 2880 die,
865 2808 974 2866 Turcis
985 2808 1221 2882 insurgentibus,
1235 2827 1271 2866 ex
1285 2809 1395 2868 nostris

367 2929 380 2962 a
401 2909 461 2964 duo
486 2907 569 2964 milia
592 2907 631 2977 lv,
656 2925 693 2963 ex
716 2907 846 2963 inimicis
871 2923 941 2964 vero
966 2905 1140 2963 ceciderunt
1162 2908 1235 2964 dccc
1257 2926 1392 2965 numero.

366 3004 501 3062 «Tertia
527 3019 626 3062 autem
654 3007 702 3064 die
730 3019 830 3063 erecto
858 3005 982 3063 castello
1011 3005 1104 3062 nostri
1128 3023 1224 3080 usque
1246 3007 1277 3082 iij
1298 3025 1394 3064 nonas

365 3124 378 3157 r
399 3103 474 3176 junii
484 3105 504 3176 ³,
521 3103 615 3160 multa
626 3104 772 3178 perpessi,
788 3103 866 3161 same
882 3103 1056 3161 deficientes
1072 3117 1101 3160 et
1114 3105 1225 3178 gladio,
1242 3105 1336 3162 multa
1351 3105 1394 3161 ibi

363 3222 377 3254 e
397 3201 620 3258 exsudaverunt
635 3203 812 3260 constantia.
826 3202 869 3268 Ea
882 3215 981 3259 autem
998 3201 1046 3258 die
1061 3201 1117 3258 hoc
1129 3202 1235 3259 ordine
1250 3217 1337 3277 capta
1348 3217 1394 3260 est

364 3318 376 3350 α
397 3296 513 3353 civitas.
531 3298 669 3366 Quatuor
682 3298 817 3372 germani
832 3298 887 3354 viri
899 3297 1017 3354 nobiles
1032 3299 1069 3354 de
1079 3297 1251 3371 Antiochia,
1261 3303 1393 3358 secunda

363 3419 375 3450 r
397 3397 445 3454 die
460 3397 546 3471 junii,
564 3398 734 3456 Bnimundo
749 3413 777 3456 et
795 3401 938 3457 Rotberto
952 3400 1080 3457 Curtose
1096 3413 1125 3456 et
1140 3401 1285 3458 Rotberto
1301 3400 1391 3456 Flan-

363 3495 497 3552 ardrensi
521 3497 636 3569 comiti,
662 3497 735 3572 ipsis
749 3511 874 3556 ,tantum
893 3495 1045 3555 civitatem
1068 3498 1248 3573 promittunt
1272 3516 1303 3555 se
1323 3498 1391 3555 red-

362 3612 374 3643 a
395 3591 477 3648 dere.
498 3591 538 3648 Hi
557 3609 628 3650 vero
648 3591 802 3649 communi
816 3592 951 3649 omnium
963 3610 1137 3654 nostrorum
1148 3587 1287 3667 consilio,
1302 3611 1391 3654 nocte

361 3689 540 3764 «proxima,
564 3688 769 3746 nescientibus
790 3689 909 3762 Turcis,
936 3693 974 3750 ad
998 3713 1117 3751 murum
1141 3694 1271 3752 civitatis
1292 3707 1389 3752 totum

360 3807 373 3840 r
394 3789 566 3844 conduxere
581 3788 756 3845 exercitum.
774 3788 911 3863 Cumque
925 3807 1013 3850 mane
1033 3791 1232 3850 Antiocenses
1253 3791 1389 3866 aperuis-

359 3907 372 3938 ιι
393 3900 459 3944 sent
475 3899 585 3960 portas,
605 3900 638 3944 ut
657 3887 825 3944 secundum
841 3885 1024 3958 promissum
1040 3889 1122 3947 solos
1138 3890 1311 3948 nominatos
1328 3901 1388 3945 tres

395 4127 416 4161 ι.
438 4111 513 4177 1098,
531 4125 564 4160 ιο
582 4095 682 4174 juillet.
947 4107 970 4159 3.
986 4107 1002 4159 a
1017 4107 1123 4159 mars-3
1140 4110 1206 4173 juin.

389 4213 413 4248 2.
434 4199 543 4249 Smars.
