3312 5060
613 455 656 500 LA
681 452 802 500 SAINTE
825 453 936 499 LANCE
1231 456 1288 503 121

263 710 275 740 r
292 689 399 746 timore
415 689 493 746 sicut
506 687 600 747 tristis
614 687 877 761 titubarem,venit
888 699 957 746 ante
972 706 1019 746 me
1037 691 1143 749 beatus
1157 690 1296 749 Andreas

263 805 363 845 rcum
389 786 474 845 socio
498 787 646 860 quodam;
668 787 795 844 multum
817 784 890 843 mihi
914 785 1137 862 interminatus,
1152 788 1212 848 nisi
1235 789 1296 848 cito

264 905 277 936 ι
292 883 380 942 vobis
397 886 548 941 Lanceam
564 884 732 942 redderem.
746 885 934 960 »Quumque
948 887 986 942 ab
1002 903 1039 943 eo
1054 904 1157 944 comes
1171 901 1201 946 et
1216 887 1297 962 epis-

262 999 358 1056 copus
373 980 567 1039 revelationis
586 994 615 1038 et
634 980 779 1056 jussionis
801 982 977 1057 apostolicae
998 985 1137 1044 ordinem
1160 987 1294 1062 require·

263 1095 340 1154 rent,
356 1081 531 1155 respondit:
545 1103 557 1135 α
572 1083 606 1139 in
622 1081 720 1157 primo
732 1094 821 1140 terrae
834 1097 929 1156 motu,
945 1084 997 1158 qui
1010 1083 1091 1158 apud
1102 1083 1297 1142 Antiochiam

264 1203 276 1234 ιι
292 1180 389 1237 sactus
404 1192 459 1252 est,
471 1198 565 1254 quum
579 1180 727 1238 exercitus
741 1182 927 1239 Francorum
939 1181 1094 1240 obsideret
1104 1199 1181 1254 eam,
1193 1197 1296 1241 tantus

264 1301 277 1332 r
292 1277 385 1336 timor
398 1296 447 1336 me
461 1277 581 1350 invasit,
594 1291 628 1336 ut
643 1278 718 1335 nihil
733 1293 844 1354 praeter
859 1301 872 1334 r
886 1282 967 1337 Deus
984 1281 1092 1354 adjuva
1107 1297 1178 1337 mer
1195 1279 1296 1336 dicere

264 1399 277 1430 α
293 1393 425 1450 possem.
444 1377 516 1434 Erat
531 1377 611 1434 enirn
626 1394 687 1433 nox
701 1391 730 1434 et
742 1395 798 1452 ego
813 1379 964 1452 jacebam3
980 1396 1036 1435 nec
1051 1377 1083 1434 in
1098 1375 1219 1452 tugurio
1230 1394 1296 1433 meo

265 1487 358 1532 «erat
381 1472 490 1547 aliquis
514 1474 601 1548 cujus
625 1473 780 1532 consortio
809 1475 970 1533 refoverer.
1002 1477 1104 1544 Quum
1133 1489 1244 1547 autern,
1263 1487 1297 1532 ut

265 1602 278 1634 r
294 1571 368 1642 dixi,
383 1571 545 1629 concussio
560 1585 648 1629 terrae
663 1570 777 1630 diutius
790 1573 922 1646 duraret,
936 1586 965 1630 et
979 1573 1069 1631 timor
1079 1591 1164 1630 meus
1179 1589 1298 1646 semper

265 1679 491 1742 ‘excresceret
513 1687 617 1726 coram
637 1687 685 1726 me
708 1670 770 1728 duo
789 1670 844 1728 viri
865 1671 1048 1728 adstiterunt
1069 1670 1100 1728 in
1124 1683 1205 1728 veste
1234 1670 1297 1727 cla-

265 1768 427 1840 «rissima;
450 1767 526 1824 alter
552 1781 616 1824 erat
648 1768 760 1838 senior,
784 1768 851 1825 rufo
884 1787 1020 1843 canoque
1053 1769 1175 1842 capillo,
1198 1769 1297 1826 occuli

263 1888 278 1916 ιι
295 1865 372 1940 nigri
385 1879 414 1924 et
428 1865 642 1923 convenientes
658 1864 757 1935 faciei,
773 1866 868 1924 barba
880 1884 952 1924 vero
968 1884 1043 1923 cana
1058 1879 1087 1924 et
1108 1866 1169 1924 lata
1182 1881 1211 1924 et
1225 1886 1297 1943 pro·

263 1987 277 2016 «
293 1964 363 2036 lixa,
379 1977 409 2022 et
423 1977 537 2024 statura
561 1966 626 2038 ejus
650 1965 764 2036 media3
780 1966 856 2022 alter
877 1983 948 2022 vero
969 1978 997 2023 et
1017 1965 1118 2039 junior
1141 1980 1170 2024 et
1190 1984 1297 2041 proce-

263 2084 275 2116 r
293 2062 354 2119 rior
373 2077 446 2134 erat,
462 2063 618 2137 speciosus
633 2063 729 2120 forma
746 2080 809 2137 prae
833 2063 903 2122 filiis
925 2064 1094 2122 hominum.
1110 2065 1148 2122 Et
1165 2064 1206 2122 air
1225 2064 1297 2121 mihi

264 2184 275 2214 r
293 2159 416 2218 senior:
434 2182 446 2214 r
464 2161 545 2230 Quid
558 2160 668 2236 agisis
688 2162 724 2218 Et
739 2180 795 2237 ego
819 2163 948 2220 maxime
968 2163 1067 2231 timui,
1084 2163 1155 2238 quia
1179 2163 1298 2220 nullum

263 2282 275 2312 r
292 2260 399 2318 adesse
414 2259 558 2317 sciebam.
576 2260 613 2316 Et
624 2259 765 2334 respondi
778 2281 784 2317 :
798 2283 811 2314 r
827 2261 887 2329 Qui
899 2279 931 2318 es
945 2260 1000 2318 tu?
1015 2283 1028 2314 n
1044 2263 1082 2319 Et
1097 2261 1139 2319 ait
1154 2281 1161 2318 ε
1175 2283 1188 2314 e
1201 2263 1297 2336 Surge

264 2371 323 2414 rer
343 2355 407 2413 noli
429 2355 546 2427 timere,
563 2370 592 2414 et
613 2357 684 2414 audi
708 2375 776 2430 quae
805 2375 861 2432 ego
885 2358 997 2431 loquor
1020 2357 1059 2414 ad
1079 2369 1118 2414 te.
1141 2358 1205 2435 Ego
1230 2377 1298 2416 sum

264 2475 276 2508 r
290 2455 428 2512 Andreas
439 2454 605 2529 apostolus.
614 2455 773 2530 Congrega
784 2456 960 2531 episcopum
973 2457 1155 2513 Podiensem
1167 2469 1196 2514 et
1206 2455 1299 2514 corni·

264 2575 276 2605 r
291 2565 352 2610 tem
368 2552 471 2611 Sancti
485 2552 608 2627 AEgidii‚
625 2566 654 2611 et
675 2555 798 2610 Petrum
823 2554 1027 2611 Raimundum
1041 2555 1078 2612 de
1098 2554 1169 2612 Alto
1190 2553 1293 2614 Pullo.

264 2672 276 2704 a
295 2652 333 2708 Et
347 2649 413 2708 haec
428 2649 511 2708 dices
531 2651 569 2706 ad
583 2650 675 2708 illos:
698 2672 711 2704 e
727 2652 789 2708 Cur
808 2651 932 2727 negligit
950 2652 1112 2727 episcopus
1132 2651 1297 2727 praedicare

264 2771 276 2802 r
293 2762 323 2808 et
335 2766 529 2806 commonere
544 2763 573 2806 et
587 2767 656 2806 curn
672 2767 761 2806 cruce
776 2769 867 2824 quam
888 2751 1008 2825 praefert
1027 2750 1163 2825 quotidie
1179 2749 1298 2825 signare

264 2845 459 2924 ‹populumi
483 2846 595 2904 etenim
625 2847 752 2906 muitum
773 2848 933 2922 prodesset
953 2847 1024 2906 illis.
1050 2869 1063 2901 n
1092 2849 1131 2906 Et
1154 2847 1297 2904 addidit:

264 2943 416 3003 «Veniet
436 2945 597 3002 ostendam
612 2943 668 3002 tibi
685 2946 836 3002 Lanceam
855 2944 948 3019 patris
970 2945 1066 3002 nostri
1085 2945 1156 3002 Jesu
1172 2944 1297 3016 Christi,

264 3062 385 3120 «quam
401 3043 505 3102 comiti
527 3043 656 3102 donabis
678 3062 684 3102 :
707 3043 818 3102 etenim
835 3043 916 3102 Deus
941 3061 1008 3102 eam
1029 3043 1181 3102 concessit
1203 3043 1247 3100 illi
1264 3062 1300 3100 ex

264 3160 355 3218 «quo
379 3141 498 3216 genitus
521 3156 575 3200 est.
594 3165 607 3195 r
624 3142 747 3200 Surrexi
771 3141 873 3216 itaque
897 3155 927 3199 et
951 3155 1072 3200 secutus
1092 3160 1158 3199 sum
1180 3159 1249 3198 eum
1268 3140 1300 3196 in

264 3239 447 3298 «civitatem
461 3240 546 3297 nullo
573 3241 777 3298 circumdatus
802 3239 923 3311 amictu,
944 3254 1053 3314 praeter
1073 3239 1239 3296 camisiam.
1263 3239 1301 3294 Et

265 3360 277 3390 r
294 3337 413 3396 induxit
428 3355 475 3396 me
491 3337 522 3394 in
541 3337 701 3396 ecclesiam
717 3336 801 3396 Beati
816 3336 896 3412 Petri
912 3337 1042 3411 apostoli
1057 3355 1111 3411 per
1124 3334 1300 3411 septentrio·

264 3435 394 3494 «nalem
414 3449 546 3510 portam,
563 3453 654 3511 quam
678 3448 766 3492 antea
793 3434 950 3492 Sarraceni
976 3417 1197 3491 Mahumariam
1221 3433 1300 3490 fece-

265 3549 371 3592 srant.
388 3536 423 3591 In
447 3534 576 3592 ecclesia
599 3551 682 3606 vero,
699 3534 767 3590 duae
790 3533 945 3607 lampades
969 3544 1064 3602 erant,
1090 3549 1158 3604 quae
1182 3542 1300 3589 tantum

264 3632 407 3690 elumen'
423 3633 465 3690 ibi
494 3632 672 3704 reddebant,
695 3649 729 3688 ac
760 3629 785 3686 si
812 3629 953 3687 meridies
978 3629 1142 3699 illuxisset;
1168 3642 1197 3686 et
1227 3628 1301 3686 dixit

265 3729 368 3787 «mihi
383 3749 420 3786 :a
445 3732 595 3805 Exspecta
618 3729 676 3786 hic.
699 3750 711 3781 n
732 3728 770 3786 Et
794 3727 881 3802 jussit
904 3746 951 3786 me
974 3727 1115 3786 assistere
1138 3726 1298 3794 columnae,

265 3844 362 3901 rquae
378 3828 515 3902 proxima
530 3841 594 3886 erat
617 3827 761 3904 gradibus
781 3826 891 3900 quibus
912 3826 1086 3884 ascenditur
1106 3825 1145 3882 ad
1169 3824 1262 3882 altare
1284 3842 1302 3882 a

265 3948 278 3980 e
295 3926 434 3984 meridie,
451 3929 489 3985 Et
509 3927 610 3985 socius
634 3927 698 4000 ejus
715 3943 731 3982 a
746 3925 835 3999 longe
859 3924 953 3995 stetit,
969 3937 1037 3981 ante
1061 3923 1172 3998 gradus
1186 3921 1299 3980 altaris.

265 4046 278 4079 e
296 4025 514 4101 Ingressusque
539 4026 595 4082 sub
625 4037 737 4082 terram
761 4035 883 4080 sanctus
897 4021 1045 4090 Andreas,
1061 4019 1204 4095 produxit
1221 4021 1300 4076 Lan-

265 4145 278 4177 r
295 4139 391 4196 ceam,
408 4135 498 4198 atque
513 4121 544 4179 in
560 4122 699 4179 manibus
713 4119 786 4178 mihi
799 4119 932 4178 tradidit.
947 4120 984 4177 Et
999 4117 1074 4177 dixit
1086 4117 1159 4174 mihi
1174 4135 1180 4173 :
1196 4139 1208 4170 r
1222 4118 1301 4174 Ecce

266 4221 418 4278 «Lancea
442 4239 509 4295 quae
533 4221 611 4276 latus
640 4219 705 4292 ejus
730 4216 856 4289 aperuit,
872 4217 953 4273 unde
976 4215 1069 4275 totius
1085 4214 1190 4272 mundi
1219 4215 1300 4271 salus
