3312 5060
635 424 678 470 LA
705 422 827 470 sn1NTE
851 423 962 470 LANCE

774 756 821 808 41.

318 889 438 947 Titulus
466 889 554 946 Cerei
570 888 726 946 Paschalis
748 888 881 963 Capellae
902 889 991 964 Regis
1014 890 1112 949 Paris.
1132 891 1262 966 scriptus
1286 893 1317 950 in

285 989 411 1060 Pascha,
427 1005 507 1044 anno
519 988 608 1044 Dom.
625 987 864 1044 MCCCXXVll.

317 1139 424 1196 Annus
439 1139 477 1196 ab
491 1138 607 1214 origine
622 1137 729 1195 mundi
740 1181 1188 1200 ..........................
1242 1143 1318 1198 6526

317 1240 424 1295 Annus
439 1239 476 1294 ab
492 1238 641 1295 incarnat.
654 1235 778 1292 Domini
793 1279 1189 1297 .......................
1246 1240 1317 1313 1327

318 1336 422 1392 Annus
438 1353 455 1392 a
472 1335 619 1391 Passione
633 1332 755 1389 Domini
763 1377 1188 1396 ........................
1245 1355 1318 1411 1294

318 1435 424 1490 Annus
438 1431 678 1492 indictionis...
687 1474 1190 1495 .............................
1284 1453 1317 1491 10

318 1533 425 1588 Annus
441 1531 559 1588 Bissext
565 1569 1027 1590 ...........................
1033 1584 1036 1590 ,
1039 1571 1187 1587 .........
1301 1531 1315 1585 3

318 1631 425 1686 Annus
440 1628 641 1704 susceptionis
657 1629 776 1686 Sanctae
792 1629 923 1684 Coronae
937 1629 1050 1702 spineae
1058 1671 1186 1689 ........
1280 1629 1316 1686 88

318 1730 425 1784 Annus
441 1727 642 1803 susceptionis
659 1727 778 1784 Sanctae
792 1725 909 1799 Crucis,
926 1726 1089 1801 Sanguinis
1108 1725 1241 1798 Domini,
1258 1727 1317 1785 Ca-

286 1837 363 1882 tenae
391 1844 460 1884 cum
486 1843 594 1902 magna
612 1837 697 1899 parte
717 1823 876 1898 Sepulchri
897 1837 926 1880 et
943 1823 1202 1880 Vestimentorum
1221 1824 1318 1882 inlan-

285 1923 346 1994 tiae,
358 1936 387 1982 et
402 1925 533 1998 quadam
545 1923 663 1981 Tabula
680 1939 771 1996 quam
784 1920 882 1995 tetigit
896 1921 988 1978 facies
1004 1921 1130 1991 Christi,
1144 1935 1173 1979 et
1185 1925 1319 1996 quodam

285 2020 380 2079 frusto
395 2022 468 2096 ligni
487 2037 599 2081 sanctae
615 2023 732 2094 Crucis,
749 2035 778 2079 et
794 2020 956 2096 Sanguinis
971 2022 1023 2096 qui
1038 2021 1123 2078 fluxit
1137 2022 1174 2079 de
1187 2023 1318 2095 imagine

286 2118 399 2175 Christi
410 2137 564 2194 percussa,
574 2133 602 2178 et
612 2140 681 2179 curn
690 2123 780 2178 Lacte
794 2122 827 2177 B.
840 2119 954 2176 Mariae
966 2119 1100 2194 Virginis
1111 2133 1140 2178 et
1153 2121 1319 2195 superioris

285 2229 369 2289 parte
386 2216 493 2290 capitis
511 2218 544 2273 B.
559 2217 686 2275 loannis
706 2217 859 2291 Baptistae,
876 2234 945 2273 cum
964 2215 1114 2289 capitibus
1133 2219 1163 2274 S.
1179 2218 1320 2274 Clemen-

284 2314 335 2384 tis,
352 2315 383 2370 S.
401 2315 494 2371 Blasii
508 2329 539 2372 et
553 2316 584 2372 S.
602 2315 753 2372 Simeonis
761 2355 1192 2375 ..........................
1282 2315 1319 2386 87

320 2417 427 2474 Annus
453 2417 655 2491 susceptionis
683 2415 870 2473 sacrosancti
899 2414 982 2472 Ferri
1018 2425 1047 2470 et
1077 2413 1217 2483 Lanceae,
1250 2430 1319 2468 cum

286 2513 376 2572 Veste
386 2533 538 2590 purpurea
549 2529 579 2573 et
588 2515 745 2572 Arundine
754 2528 783 2572 et
791 2513 926 2588 Spongia
939 2511 1073 2584 Domini,
1084 2524 1113 2568 et
1128 2529 1197 2568 curn
1212 2510 1320 2568 Linteo

287 2631 348 2687 quo
368 2613 425 2671 fuit
447 2613 630 2688 praecinctus
650 2613 680 2669 in
702 2614 810 2685 Coena,
822 2625 851 2670 et
871 2630 940 2668 curn
965 2611 1060 2685 Peplo
1077 2611 1110 2666 B.
1134 2609 1266 2684 Virginis
1291 2627 1320 2672 et

287 2710 379 2786 Virga
392 2712 492 2786 Moysi
496 2751 1192 2774 ........................................

321 2811 428 2865 Annus
442 2809 643 2866 dedicationis
672 2809 805 2882 Capellae
822 2847 1194 2868 ......................

321 2908 428 2963 Annus
445 2906 591 2963 transitus
606 2906 636 2962 S.
655 2905 817 2962 Ludovici.
833 2945 1195 2965 .....................

322 3004 429 3060 Annus
444 3001 684 3060 canonisationis
704 3002 839 3075 ejusdem
847 3043 953 3060 .......
955 2995 957 2998 ’
965 3042 1189 3060 ..............

321 3101 427 3170 Annus
442 3099 651 3158 translationis
673 3099 789 3172 Capitis
814 3099 949 3173 ejusdem
955 3140 1192 3158 ..............

321 3201 428 3256 Annus
443 3198 540 3256 aetatis
554 3197 656 3254 Caroli
672 3197 761 3270 Regis
776 3197 934 3270 praesentis
941 3237 1196 3255 ...............

322 3299 429 3354 Annus
444 3297 528 3371 regni
543 3297 678 3369 ejusdem
685 3333 1197 3355 .............................

322 3395 429 3453 Annus
443 3394 636 3468 episcopatus
650 3392 790 3468 Hugonis
807 3391 902 3448 Paris.
921 3389 1065 3464 Episcopi
1072 3431 1179 3446 ......
1184 3425 1196 3448 κ.

383 3519 518 3585 [Morand,
533 3518 659 3570 Histoire
670 3517 704 3568 de
718 3517 744 3568 la
760 3513 1006 3580 Sainte·Cltapelle,
1020 3529 1046 3578 p.
1063 3526 1106 3562 121
1116 3512 1136 3575 .]

784 3755 832 3810 42.

327 3895 418 3953 Nono
446 3893 565 3951 kalend.
583 3889 697 3966 Aprilis
717 3891 765 3964 (24
786 3889 886 3961 mars).
912 3884 1036 3944 Parisiis
1055 3885 1087 3940 in
1107 3883 1199 3938 Sacra
1216 3879 1325 3937 Palatii

291 3992 426 4066 Capella,
436 3991 571 4049 ostensio
587 3991 671 4048 lintei
686 4005 747 4063 quo
757 3987 939 4062 praecinctus
953 3985 1017 4058 ipse
1033 3981 1183 4052 Christus,
1197 3981 1327 4052 Aposto-

292 4090 390 4146 lorum
413 4097 538 4146 suorum
559 4097 575 4146 a
595 4105 626 4144 se
646 4085 777 4157 ablutos,
801 4082 952 4155 stupendo
976 4077 1154 4138 humilitatis
1176 4074 1325 4148 exemplo,

293 4187 385 4260 pedes
400 4187 548 4244 exstersit.
