3312 5060
628 470 671 516 ts
696 467 819 516 satura
842 469 953 516 tanen
1250 473 1312 542 ¹19

1130 593 1309 606 ——n——q

275 707 372 764 madis
385 718 414 764 et
430 717 560 780 quatuor
575 702 682 761 diebus
700 704 829 778 obsessi,
843 706 874 763 in
888 705 992 782 vigilia
1004 708 1213 780 apostolorum
1230 711 1312 768 Petri

275 818 305 863 et
320 807 418 878 Pauli,
433 805 464 862 in
475 806 540 862 Deo
553 804 752 876 confidentes,
766 805 803 862 de
817 804 960 862 omnibus
971 805 1184 880 iniquitatibus
1199 809 1311 866 nostris

274 907 416 975 confessi,
437 917 540 980 portas
560 903 689 962 civitatis
711 923 780 962 curn
804 904 887 961 omni
907 918 1012 962 nostro
1037 905 1146 963 bellico
1166 919 1311 981 apparatu

274 1005 420 1065 exivimus
436 1019 465 1063 et
478 1019 540 1062 tam
559 1003 649 1078 pauci
670 1021 799 1074 eramus,
816 1004 899 1078 quod
915 1003 973 1078 ipsi
989 1021 1045 1060 nos
1061 1023 1123 1061 non
1138 1017 1245 1062 contra
1258 1021 1310 1061 eos

273 1121 408 1180 pugnare
423 1103 476 1160 sed
495 1101 597 1177 fugere
613 1099 813 1158 affirmabant.
832 1100 930 1158 Nobis
950 1115 1050 1159 autem
1065 1101 1206 1159 omnibus
1221 1119 1309 1177 para-

273 1202 322 1272 tis,
339 1213 367 1259 et
381 1215 442 1258 tam
455 1198 591 1274 peditum
606 1215 696 1271 quam
712 1197 842 1254 militum
861 1197 950 1256 certis
966 1199 1125 1256 ordinibus
1140 1199 1309 1274 dispositis,

273 1300 326 1358 ubi
341 1299 437 1374 major
451 1315 556 1355 eorum
571 1297 666 1354 virtus
677 1309 706 1354 et
717 1295 863 1354 fortitudo
879 1309 942 1355 erat
957 1299 1100 1355 audacter
1114 1298 1307 1372 requisimus,

273 1417 344 1456 cum
364 1399 484 1454 Lancea
500 1395 662 1466 dominica,
682 1409 711 1453 et
734 1413 750 1452 a
770 1395 866 1468 prima
889 1395 960 1452 belli
985 1396 1114 1455 statione
1129 1397 1231 1472 sugere
1255 1415 1307 1454 eos

272 1495 436 1571 coegimus.
447 1493 507 1569 lpsi
518 1507 627 1561 autem,
638 1507 671 1552 ut
682 1511 747 1550 mos
761 1511 868 1550 eorum
878 1507 933 1564 est,
947 1493 1083 1569 undique
1094 1512 1125 1552 se
1136 1494 1308 1569 dispergere

272 1607 442 1669 coeperunt,
457 1594 635 1668 occupando
656 1593 750 1650 colles
766 1607 796 1650 et
816 1593 891 1664 vias,
907 1591 1082 1667 ubicunque
1096 1607 1236 1667 poterant
1251 1612 1306 1651 nos

271 1693 369 1768 girare
388 1693 558 1750 voluerunt.
576 1691 626 1748 Sic
642 1691 723 1748 enim
738 1708 794 1747 nos
810 1709 915 1748 omnes
930 1690 1099 1748 interficere
1113 1705 1305 1766 putaverunt.

273 1792 333 1848 Sed
357 1790 446 1848 nobis
470 1789 571 1847 multis
587 1788 674 1846 bellis
694 1802 799 1846 contra
821 1805 926 1846 eorum
945 1789 1125 1848 calliditates
1142 1805 1171 1848 et
1186 1791 1307 1866 ingenia

272 1888 397 1960 edoctis,
406 1887 502 1962 gratia
517 1887 571 1944 Dei
587 1901 616 1946 et
631 1887 838 1945 misericordia
853 1887 893 1944 ita
909 1888 1058 1960 subvenit,
1071 1901 1104 1946 ut
1119 1890 1170 1964 qui
1185 1891 1305 1964 paucis·

271 1986 339 2044 simi
354 1987 393 2044 ad
412 2004 517 2043 eorum
533 1986 791 2061 comparationem
806 2004 935 2055 eramus,
953 2005 1058 2046 omnes
1083 1987 1152 2046 illos
1167 1989 1306 2048 inunum

270 2085 436 2160 coegimus,
452 2097 481 2141 et
509 2097 641 2156 coactos,
662 2086 785 2142 dextera
809 2085 864 2142 Dei
885 2085 1046 2143 nobiscum
1068 2087 1241 2158 dimicante,
1262 2088 1276 2145 s
1295 2121 1306 2131 -

270 2201 341 2259 gere
359 2195 389 2240 et
410 2195 508 2240 castra
528 2201 596 2240 cum
612 2183 754 2240 omnibus
774 2201 841 2258 quae
857 2183 888 2240 in
906 2184 1011 2242 castris
1030 2199 1115 2243 erant
1135 2185 1304 2258 relinquere

271 2281 483 2356 compulimus.
509 2281 628 2352 Quibus
648 2281 773 2339 devictis
796 2295 920 2355 totaque
940 2281 989 2339 die
1010 2283 1130 2357 fugatis,
1149 2299 1178 2343 et
1202 2286 1304 2344 multis

259 2398 375 2436 ¹eorum
390 2379 525 2437 millibus
540 2379 718 2452 interiectis,
734 2381 772 2437 ad
786 2379 938 2438 civitatem
952 2381 1013 2438 laeti
1027 2395 1055 2440 et
1066 2383 1177 2442 hilares
1192 2402 1304 2442 remea·

269 2480 376 2537 vimus.
397 2479 515 2538 Asilum
542 2491 642 2536 autem
664 2478 883 2552 supradictum,
903 2477 1068 2536 admiratus
1094 2481 1228 2556 quidam,
1251 2481 1303 2556 qui

268 2579 300 2636 in
314 2597 351 2636 eo
374 2592 438 2636 erat
457 2595 525 2635 cum
541 2577 623 2634 mille
638 2575 825 2648 hominibus,
843 2577 1014 2634 Boemundo
1035 2578 1184 2652 reddidit;
1207 2592 1236 2637 et
1250 2598 1304 2655 per

269 2677 364 2750 ipsius
398 2694 521 2734 manum
552 2674 733 2732 Christianae
759 2691 791 2730 se
818 2673 889 2732 fidei
915 2674 1099 2732 unanimiter
1120 2677 1300 2752 subjugavit.

269 2777 375 2850 ltaque
403 2775 552 2832 Dominus
579 2789 683 2832 noster
705 2776 793 2832 Jesus
818 2773 955 2831 Christus
986 2786 1079 2831 totam
1109 2774 1302 2832 Antiochiam

269 2873 415 2931 Romanae
439 2873 579 2949 religioni
607 2891 641 2931 ac
662 2872 733 2930 fidei
760 2871 952 2946 mancipavit.
977 2872 1100 2944 Verum,
1124 2872 1195 2946 quia
1225 2873 1303 2931 solet

269 2987 387 3044 semper
396 2971 522 3046 aliquod
534 2985 677 3029 moestum
692 2969 873 3028 intervenire
885 2969 961 3042 laetis
970 2971 1129 3043 rebus,ille
1141 2971 1301 3029 Podiensis

268 3071 439 3145 episcopus,
465 3087 555 3144 quem
577 3083 663 3127 tuum
685 3068 831 3128 vicarium
845 3069 935 3125 nobis
955 3069 1160 3142 commiseras,
1178 3083 1301 3145 peracto

268 3168 347 3226 bello
380 3167 412 3225 in
436 3185 497 3242 quo
525 3168 653 3225 honeste
679 3166 735 3224 luit
761 3179 790 3224 et
815 3166 974 3238 pacificata
1003 3167 1133 3240 civitate,
1163 3168 1300 3226 kalendis

266 3265 406 3342 Augusti,
426 3277 560 3323 mortuus
586 3279 640 3323 est.
658 3265 747 3322 Nunc
771 3263 872 3339 igitur,
889 3264 943 3320 filii
962 3265 1006 3322 tui
1031 3279 1115 3340 patre
1137 3267 1300 3324 commisso

267 3365 377 3437 orbari,
402 3363 458 3422 tibi
485 3363 634 3438 spirituali
648 3362 726 3438 patri
747 3375 852 3420 nostro
871 3363 1060 3436 mandamus,
1080 3377 1124 3434 ut,
1151 3364 1204 3438 qui
1223 3365 1300 3424 hanc

265 3463 345 3521 viam
359 3461 510 3534 incepisti,
524 3473 553 3518 et
566 3460 825 3518 sermonibustuis
837 3477 893 3517 nos
905 3479 1011 3518 omnes
1022 3475 1050 3519 et
1059 3475 1155 3520 terras
1168 3475 1298 3535 nostras,

265 3575 295 3620 et
316 3560 462 3636 quicquid
482 3559 617 3618 interris
642 3572 715 3630 erat,
737 3558 907 3634 relinquere
927 3560 1023 3618 fecisti
1043 3574 1072 3618 et
1092 3579 1196 3618 cruces
1212 3561 1299 3636 baju-

265 3661 358 3718 lando
387 3658 542 3717 Christum
572 3657 658 3732 sequi
685 3657 867 3733 praecepisti,
897 3671 926 3716 et
954 3658 1159 3717 Christianum
1187 3677 1299 3717 nomen

264 3758 397 3818 exaltare
416 3755 641 3828 commonuisti,
655 3757 837 3830 complendo
853 3775 920 3830 quae
932 3757 1068 3816 hortatus
1082 3775 1114 3814 es
1133 3757 1172 3814 ad
1186 3776 1253 3830 nos,
1271 3773 1300 3819 et

264 3872 473 3930 quoscumque
488 3853 602 3928 poteris
613 3867 646 3910 ut
660 3867 760 3911 tecum
776 3854 898 3912 veniant
912 3857 1105 3912 submoneas.
1123 3854 1204 3912 Hinc
1218 3857 1298 3914 enim

263 3953 469 4012 Christianum
484 3969 595 4008 nomen
608 3951 734 4025 sumpsit
746 3952 912 4009 exordium.
930 3955 1007 4010 Nam
1018 3967 1179 4028 postquam
1193 3957 1298 4013 beatus

265 4053 374 4110 Petrus
386 4051 417 4109 in
428 4050 570 4108 cathedra
583 4069 673 4124 quam
685 4051 821 4124 quotidie
832 4051 983 4110 cernimus
998 4053 1218 4113 inthronizatus
1232 4055 1296 4126 luit,

262 4150 308 4208 illi
323 4149 376 4226 qui
390 4148 474 4224 prius
484 4149 672 4206 vocabantur
686 4149 803 4206 Galilaei
820 4149 950 4224 primum
966 4151 1037 4208 hinc
1050 4165 1079 4209 et
1091 4152 1298 4226 principaliter

263 4247 363 4307 vocati
373 4261 443 4306 sunt
453 4245 628 4304 Christiani.
642 4246 723 4316 Quid
735 4247 826 4322 igitur
837 4247 867 4304 in
881 4251 954 4306 orbe
971 4249 1081 4308 rectius
1091 4267 1156 4308 esse
1167 4250 1295 4322 videtur,
