3314 5052
582 433 625 478 ra
651 429 773 478 snrurn
798 431 979 480 courorrua
1234 411 1300 484 253

264 671 360 747 petiit,
373 671 504 743 indeque
519 666 702 755 ditissimum
716 666 914 740 reliquiarum
928 667 1105 725 thesaurum
1121 668 1232 727 Laetius
1253 688 1299 728 re-

263 767 404 842 portavit,
416 783 507 836 anno‚
519 777 553 824 ut
567 764 641 837 dixi,
656 764 739 823 1208.
751 764 899 834 Tandem,
913 779 1039 823 vacante
1055 767 1126 824 sede
1140 767 1298 840 abbatiali,

222 875 225 880 '
264 865 374 940 dignus
397 865 537 942 inuentus
564 862 616 937 qui
651 861 868 936 praeficeretur,
898 863 1012 920 electus
1034 877 1079 920 est
1105 863 1136 921 in
1156 866 1297 922 abbatem

264 982 344 1020 anno
363 963 446 1032 1225,
462 961 507 1019 uti
520 960 611 1018 latius
627 962 802 1038 demonstro
817 959 849 1016 in
861 959 1025 1018 Hannonia
1041 975 1145 1019 nostra
1161 963 1299 1021 Caenobr'-
1349 995 1355 1006 ·

263 1063 322 1118 lica
337 1078 378 1117 ex
394 1059 544 1118 Chronico
558 1059 709 1118 Laetr'ensi.

299 1179 311 1211 r
327 1159 426 1232 Hujus
440 1157 568 1213 Thomae
586 1155 677 1212 frater
691 1154 747 1212 luit
763 1155 915 1212 Gerardus
926 1154 1156 1228 Walcuriensis,
1171 1155 1296 1214 Walcu-

262 1255 315 1312 rlae
331 1253 496 1325 Dominus,¹
511 1253 598 1326 cu'jus
616 1251 794 1326 praeclaram
810 1251 995 1308 mentionem
1016 1250 1129 1308 faciens
1144 1251 1297 1318 Henricus

263 1353 295 1409 in
314 1351 478 1426 diplomate
498 1369 554 1407 suo
572 1347 775 1406 Laetiensibus
787 1349 869 1420 dato,
883 1360 972 1406 vocat
987 1365 1055 1405 eum
1071 1347 1202 1425 primurn
1219 1349 1297 1408 inter

266 1453 407 1507 Pretores
422 1466 503 1506 suos.
517 1469 530 1501 ν
854 1452 855 1455 ’

307 1629 464 1693 Brasseur
488 1625 590 1690 decrit
614 1625 749 1688 d'abord
774 1625 803 1688 le
828 1623 1002 1707 reliquaire
1025 1625 1068 1687 du
1088 1624 1295 1709 Saint-Sang,

266 1736 366 1798 ferme
381 1752 439 1817 par
451 1753 515 1795 une
532 1730 686 1794 monnaie
703 1730 876 1812 byzantino
892 1749 954 1812 que
970 1730 1021 1810 j’ai
1036 1729 1163 1792 erudire
1174 1733 1255 1794 dans
1267 1733 1296 1796 la

265 1842 374 1904 Revue
388 1839 428 1900 de
441 1837 704 1918 Numismatr'que
719 1835 739 1898 ¹.
759 1837 838 1899 Puis
853 1836 876 1898 il
892 1835 1048 1898 continue
1065 1855 1071 1898 :

297 2071 385 2106 α.....
403 2050 554 2106 Praeterea
573 2048 675 2104 videre
691 2061 736 2106 est
751 2047 782 2104 in
803 2047 975 2122 repositorii
995 2047 1177 2104 venerabilis
1197 2067 1297 2106 sacra-

259 2145 351 2202 menti
367 2162 508 2219 suprema
522 2157 617 2219 parte,
633 2143 776 2201 undecim
791 2145 923 2200 Coronae
939 2143 1051 2217 spineae
1068 2158 1234 2219 segmenta,
1250 2146 1296 2202 di-

255 2257 341 2297 versa
365 2242 574 2316 magnitudine
601 2261 662 2298 non
686 2242 785 2298 minus
811 2241 902 2298 medii
927 2242 1023 2315 digiti,
1044 2242 1165 2299 decenti
1188 2244 1296 2301 ordine
1341 2253 1342 2257 ’

255 2337 293 2393 ad
309 2337 537 2394 similitudinem
556 2357 679 2396 corona·
694 2338 853 2412 disposita.

289 2456 303 2484 α
370 2435 540 2492 lllustratur
554 2437 661 2492 eadem
675 2435 879 2493 Thesauraria
900 2435 1019 2492 duabus
1039 2435 1106 2492 aliis
1125 2437 1239 2493 tabulis
1261 2455 1297 2494 ex

255 2545 381 2606 argento
397 2545 425 2590 et
440 2550 514 2590 auro
530 2533 718 2608 compositis,
733 2533 861 2608 figuram
877 2532 1159 2590 semiorbicularem
1175 2547 1205 2591 et
1220 2552 1295 2607 qua-

236 2630 469 2704 drangularem
489 2630 579 2687 simul
601 2649 663 2706 prae
680 2649 711 2688 se
731 2631 918 2702 ferentibus3
942 2630 1054 2703 quibus
1070 2631 1215 2688 notabilis
1231 2651 1295 2690 nra·

254 2731 420 2804 gnitudinis
441 2731 599 2806 portiones
614 2732 814 2790 sanctissimae
830 2730 937 2788 Crucis
958 2729 1165 2799 includuntur,
1184 2745 1294 2806 aptatae

255 2828 286 2885 in
297 2830 421 2886 modum
433 2828 540 2886 Crucis
550 2829 839 2904 Hierosolymitanae
848 2843 877 2886 et
889 2829 932 2886 ita
943 2829 1097 2886 adornatae
1113 2829 1294 2888 liberalitate

255 2939 284 2984 et
298 2927 506 2984 munificentia
527 2927 570 2985 ill.
587 2945 621 2985 ac
636 2928 711 2988 nob,
729 2929 785 2984 viri
802 2927 921 3001 Equitis
937 2928 1035 2984 aurati
1047 2928 1135 2984 Dom.
1152 2927 1296 2984 Richardi

256 3023 293 3080 de
314 3023 408 3096 Blois,
425 3023 525 3080 fratris
540 3024 676 3098 germani
692 3025 860 3081 Reverendi
881 3024 1047 3082 admodum
1069 3026 1157 3080 Dom.
1175 3023 1292 3080 Ludov.

257 3118 295 3176 de
312 3120 404 3177 Blois.
711 3188 714 3197 Ι

292 3217 488 3276 «Habentur
516 3231 663 3292 praeterea
692 3220 726 3276 32
749 3219 906 3293 particulae
929 3221 1063 3295 ejusdem
1095 3219 1294 3276 sanctissimae

258 3313 399 3372 Crucis...

293 3434 305 3465 a
326 3411 471 3470 Similiter
490 3413 521 3469 in
542 3413 624 3471 hisce
645 3415 757 3472 tabulis
771 3415 874 3474 videre
897 3428 942 3472 est
962 3428 1031 3472 octo
1046 3413 1211 3489 particulas
1232 3413 1293 3470 Co-

257 3526 339 3566 ronae
356 3511 469 3584 spineae
489 3513 660 3570 reconditas
676 3527 746 3570 octo
762 3513 975 3571 consimilibus
991 3525 1060 3570 ante
1079 3512 1166 3569 dictis
1183 3511 1295 3568 numis-

259 3609 422 3666 mutibus...

296 3706 458 3764 «Alterum
474 3707 667 3782 elegantioris
683 3708 923 3782 recentiorisque
939 3707 1044 3764 sormae
1060 3704 1293 3782 phylacterium,

258 3817 382 3876 argento
397 3804 536 3863 inaurato
552 3825 624 3864 cura
639 3819 670 3864 et
685 3808 770 3881 jussu
789 3809 859 3865 Rev.
873 3807 1038 3864 admodum
1053 3809 1087 3862 P.
1103 3805 1179 3862 Lud.
1199 3805 1295 3864 Blosil

260 3900 459 3973 elaboratum,
472 3905 619 3978 superiori
631 3918 715 3979 parte
729 3906 861 3981 speciem
874 3905 1052 3978 quadratam
1064 3903 1297 3980 exhibens,cum

298 4190 319 4226 r.
339 4177 415 4244 1898,
432 4195 458 4243 p.
479 4178 542 4230 382.
