3312 5060
591 453 633 498 LA
658 453 779 500 salma
803 455 915 501 LnNcE

729 788 774 825 22.

272 921 354 977 1105.
366 952 401 961 —
417 919 532 976 Charta
547 917 686 976 Boldrici
708 920 903 980 Tornocensis
922 933 1010 999 atque
1028 923 1240 982 Noviomerrsr's

300 1019 387 1096 episc.
403 1016 614 1096 fundationem
633 1019 666 1074 S.
686 1017 812 1077 Andreas
830 1021 997 1102 Brugensis
1015 1020 1218 1097 approbantis.

270 1176 334 1249 Ego
352 1172 510 1230 Baldricus
524 1173 765 1232 Tornecensium
777 1187 868 1250 atque
884 1175 1138 1234 Noviomensium
1154 1155 1275 1250 episco-v

233 1291 301 1350 pus,
324 1271 467 1328 omnibus
491 1270 523 1326 in
545 1283 693 1328 aeternum
712 1273 856 1346 gaudere.
881 1273 966 1330 Nulli
986 1291 1063 1348 pene
1085 1273 1221 1330 fidelium
1243 1274 1274 1332 in

234 1373 377 1431 universo
392 1369 467 1426 orbe
490 1381 637 1425 terrarum
661 1383 781 1427 constat
800 1388 867 1428 esse
891 1371 1090 1446 incognitum,
1105 1373 1274 1430 Robertum

234 1470 386 1546 juniorem
402 1468 635 1525 Flandrensium
649 1469 865 1541 marchionem,
881 1471 912 1527 in
922 1471 1179 1546 ierosolymitano
1193 1489 1275 1528 exer·

234 1568 307 1640 citu,
329 1585 392 1641 prae
415 1567 532 1624 caeteris
548 1567 690 1624 omnibus
705 1567 814 1626 ducem
830 1580 858 1626 et
882 1568 1059 1644 signiferum
1084 1569 1275 1628 Christiano-

234 1685 301 1724 rum
316 1665 460 1736 extitisse,
470 1678 499 1723 et
514 1666 551 1722 ad
566 1665 688 1723 laudem
704 1679 733 1724 et
748 1667 875 1743 gloriam
891 1668 1023 1725 nominis
1040 1668 1153 1725 Christi
1169 1680 1274 1726 contra

233 1782 369 1841 paganos
394 1764 526 1821 fideliter
547 1775 577 1821 et
596 1764 723 1822 viriliter
746 1765 917 1823 dimicasse.
945 1767 1004 1823 Hic
1028 1785 1098 1824 cum
1117 1784 1172 1840 per
1191 1766 1274 1824 varia

235 1863 386 1920 bellorum
403 1861 539 1936 pericula
558 1862 752 1921 Antiochiam
769 1864 966 1938 pervenisset,
984 1877 1013 1922 et
1032 1864 1107 1921 inibi
1124 1882 1185 1922 una
1205 1883 1273 1922 cum

236 1961 354 2020 caeteris
383 1959 495 2018 Christi
520 1960 663 2017 fidelibus
687 1963 725 2018 ab
747 1961 963 2019 innumerabili
994 1963 1273 2037 supervenientium

234 2078 424 2136 paganorum
455 2059 649 2116 multitudine
683 2061 825 2117 obsessus
858 2061 975 2132 fuisset,
1007 2061 1109 2119 Divini
1143 2061 1274 2136 Spiritus

235 2159 440 2216 inflammatus
454 2157 522 2232 igne
533 2170 563 2216 et
576 2159 610 2214 B.
625 2157 756 2215 Andreae
772 2159 901 2232 apostoli
917 2177 1082 2218 succensus
1096 2177 1200 2217 amore
1211 2161 1276 2234 (per

235 2261 335 2335 ipsum
348 2258 429 2315 enim
442 2257 628 2328 visitavit,ut
644 2258 777 2330 aiunt,et
787 2261 927 2318 liberavit
942 2279 995 2318 eos
1007 2261 1177 2334 Dominus),
1192 2260 1275 2318 vovit

235 2358 306 2414 ilico
333 2357 365 2412 in
390 2357 524 2431 quodam
552 2357 746 2427 monasterio,
771 2375 864 2432 prope
891 2357 999 2431 Brugis
1021 2357 1089 2428 sito,
1106 2357 1137 2413 in
1157 2357 1274 2415 honore

235 2457 371 2530 ejusdem
387 2453 517 2527 apostoli
538 2467 727 2524 consecrato,
744 2455 775 2511 in
791 2454 886 2528 ipsius
899 2455 1094 2512 veneratione
1108 2455 1274 2513 monachos

235 2573 267 2612 se
282 2555 466 2612 institurum.
484 2553 616 2628 Cognito
627 2553 729 2628 itaque
743 2555 893 2630 ejusmodi
910 2569 1015 2612 votum
1039 2557 1154 2630 absque
1169 2567 1274 2614 nostro

235 2670 361 2711 assensu
392 2671 424 2710 se
450 2653 616 2725 adimplere
643 2671 706 2709 non
735 2671 834 2728 posse,
861 2654 983 2728 conjugi
1011 2672 1073 2710 suae
1096 2653 1274 2714 Clementiae

235 2755 399 2814 comitissae
424 2756 540 2830 legatos
555 2754 676 2826 direxit,
689 2767 718 2812 et
740 2755 855 2814 litteras
879 2755 1081 2826 continentes,
1103 2767 1137 2812 ut
1160 2773 1215 2811 sua
1239 2773 1275 2811 ex

234 2867 318 2930 parte
333 2855 553 2929 pastoralitatis
569 2868 681 2913 nostrae
699 2855 921 2930 providentiam
936 2855 1118 2925 consuleret,
1137 2866 1167 2912 et
1182 2854 1275 2913 altare

235 2954 400 3028 supradicti
416 2954 593 3012 monasterii
606 2973 623 3012 a
638 2954 727 3012 nobis
739 2955 787 3027 (ad
800 2965 935 3011 nostram
944 2954 1026 3013 enim
1041 2953 1197 3012 dioecesim
1209 2971 1276 3028 per-

234 3053 361 3127 tinebat)
390 3053 567 3128 postularet,
597 3053 628 3110 in
655 3071 716 3127 quo
744 3053 909 3110 monachos
943 3051 1128 3110 constituere
1159 3065 1274 3128 posset.

234 3151 346 3208 Audita
360 3152 452 3227 igitur
472 3152 611 3227 praedicti
636 3152 741 3211 militis
763 3151 878 3210 Christi
898 3151 1024 3210 Roberti
1042 3151 1275 3210 Flandrenslum

235 3250 432 3323 marchionis,
450 3251 506 3308 viri
531 3251 577 3308 sui
602 3252 761 3327 legatione,
785 3251 941 3309 comitissa
956 3251 1126 3309 Clementia
1140 3270 1274 3327 praesen-

235 3349 308 3407 tiam
327 3361 463 3408 nostram
483 3350 570 3422 adiit,
584 3361 614 3408 et
638 3350 676 3407 ad
695 3349 908 3425 complendam
924 3348 980 3406 viri
1004 3349 1050 3406 sui
1074 3349 1274 3420 voluntatem,

234 3447 328 3506 altare
343 3449 380 3505 de
395 3445 589 3506 Betferkerca
603 3447 672 3520 (hoc
685 3447 767 3504 enim
782 3463 894 3503 nornen
905 3444 1045 3518 praedicti
1064 3445 1124 3502 loci
1140 3446 1275 3520 antiqui-

233 3557 284 3602 tus
303 3542 470 3614 dicebatur)
486 3542 595 3600 devote
617 3541 793 3616 postulavit.
810 3541 904 3617 Cujus
924 3543 1118 3600 devotionem
1137 3543 1275 3602 conside-

234 3658 315 3712 rans,
332 3639 507 3714 supradicto
524 3639 610 3698 altari
627 3640 673 3714 jus
689 3639 837 3698 libertatis
854 3640 1037 3711 condonavi,
1050 3659 1084 3698 ea
1097 3640 1274 3700 conditione

234 3740 318 3813 quod
333 3739 474 3796 monachi
490 3738 565 3796 inibi
581 3738 814 3796 constituantur.
832 3739 888 3796 His
901 3740 943 3798 ita
957 3741 1098 3815 peractis,
1111 3753 1275 3816 postquam

232 3837 398 3912 pradictus
414 3855 516 3894 comes
534 3837 684 3895 Robertus
704 3837 804 3908 rediit,
825 3856 872 3895 me
891 3850 1055 3911 annuente,
1067 3838 1274 3913 supradictum

232 3935 335 3992 locum
351 3935 453 3993 abbati
471 3934 693 4010 Affiigemensis
708 3935 845 3994 ecclesiae
861 3953 896 3992 ea
910 3937 976 4011 lege
991 3936 1226 4008 commendavit,
1242 3952 1275 3996 ut

232 4032 400 4090 monachos
421 4051 457 4090 ex
480 4032 624 4090 coenobio
645 4051 700 4090 suo
716 4033 800 4090 *inibi
820 4033 1029 4106 constitueret,
1049 4047 1079 4092 et
1106 4035 1275 4092 secundum

232 4131 454 4190 incrementum
487 4130 644 4188 exterioris
675 4132 864 4204 substantiae,
898 4133 1118 4191 monachorum
1151 4151 1273 4209 quoque

233 4247 393 4289 numerum
416 4230 581 4306 suppleret,
597 4242 627 4288 et
651 4229 786 4305 regimen
806 4231 866 4290 loci
886 4232 982 4306 ipsius
1005 4245 1067 4290 tam
1086 4233 1162 4307 ipse,
1182 4249 1274 4307 quam
