3312 5060
623 455 665 498 aa
692 453 813 498 sartura
837 454 951 500 rauca
1246 439 1308 526 137

269 584 281 593 ,
310 573 862 591 fflffl———mh-
874 576 1001 584 -v—-n—
1014 575 1311 591 ——m

269 697 361 758 etiam
376 697 592 771 approbamus,
608 701 774 748 statuentes
795 690 993 748 nihilominus
1013 692 1261 768 irrefragabiliter
1283 711 1313 756 et

270 798 362 857 etiarn
386 793 564 851 ordinantes
588 789 671 864 quod
695 789 806 846 amodo
825 783 983 864 Reliquiae'
997 803 1026 848 et
1047 790 1178 866 insignia
1197 793 1262 867 ipsa
1282 795 1313 852 in

271 896 377 954 eadem
391 892 510 951 civitate
518 901 666 964 perpetuo
681 887 894 945 venerabiliter
916 901 1135 947 conserventur
1151 907 1157 946 :
1175 891 1215 949 ita
1231 895 1314 967 quod

272 992 457 1053 omnimodae
474 1006 625 1064 personae,
642 1006 694 1045 seu
715 987 924 1045 communitati
942 989 989 1046 vel
1009 991 1239 1065 congregationi
1262 1006 1314 1052 aut

273 1089 415 1169 potestati
431 1089 568 1157 cuilibet,
588 1087 731 1161 reliquias
745 1101 774 1146 et
788 1086 919 1161 insignia
935 1087 1000 1162 ipsa
1016 1103 1099 1148 extra
1114 1090 1225 1149 dictam
1241 1091 1315 1149 civi-

273 1201 375 1258 tatem,
393 1186 451 1244 nisi
465 1187 602 1256 forsitan,
619 1185 702 1260 quod
722 1187 803 1243 Deus
819 1198 943 1258 avertat,
960 1188 1148 1262 contingeret
1167 1191 1315 1264 populum

274 1288 382 1346 illiusa
397 1287 456 1344 fide
472 1286 592 1344 deviare
604 1287 773 1358 Catholica,
784 1304 977 1360 nequaquam
993 1287 1082 1344 liceat
1098 1302 1255 1362 exportare
1269 1291 1315 1348 vel

274 1386 442 1456 extrahere,
471 1398 523 1441 aut
549 1383 623 1441 alias
646 1383 777 1440 alienare
798 1403 924 1458 quoquo
939 1387 1042 1442 modo.
1067 1387 1159 1456 Quod
1178 1385 1202 1442 si
1224 1387 1314 1460 forte,

275 1485 358 1560 quod
387 1483 475 1553 absit,
502 1501 519 1540 a
541 1499 696 1556 quoquam
718 1483 824 1555 quavis
845 1483 1007 1540 occasione
1028 1498 1247 1558 praesumptum
1269 1485 1316 1542 vel

275 1583 432 1659 quomodo
447 1581 523 1638 libet
537 1593 717 1638 attentatum
733 1580 875 1650 extiterit,
889 1595 1126 1656 praesumptores
1143 1597 1172 1641 ct
1187 1596 1331 1641 attenta-¹

275 1695 356 1741 tores
368 1679 544 1754 hujusmodi
557 1680 766 1754 cujuscunque
777 1679 943 1754 dignitatis,
954 1693 1061 1750 status,
1070 1693 1120 1738 aut
1131 1681 1317 1739 conditionis

277 1779 417 1850 existant,
434 1777 552 1838 etiamsi
569 1777 775 1852 patriarchali,
791 1777 895 1852 regali,
910 1791 961 1834 aut
972 1778 1030 1835 alia
1043 1779 1148 1852 quavis
1163 1779 1319 1836 ecclesias-

277 1879 336 1938 tica
357 1878 403 1934 vel
426 1877 581 1934 mundana
600 1874 799 1950 praefulgeant
816 1875 972 1950 dignitate,
994 1878 1319 1936 excommunicationis

279 1975 460 2034 sententiam
476 1977 646 2033 incurrrant
659 1976 727 2050 ipso
737 1974 828 2044 facto,
840 1993 856 2032 a
869 1994 929 2049 qua
940 1995 1001 2033 non
1016 1976 1146 2051 possint,
1162 1977 1220 2034 nisi
1236 1977 1319 2052 prius

281 2077 429 2150 Reliquiis
449 2089 479 2134 et
507 2075 646 2150 insigniis
665 2075 739 2149 ipsis
755 2075 853 2132 eidem
880 2075 994 2132 civitati
1016 2075 1174 2144 restitutis,
1194 2089 1320 2150 praeter-

281 2191 372 2248 quam
394 2175 425 2231 in
446 2175 551 2234 mortis
575 2173 703 2232 articulo
726 2173 895 2245 constituti,
915 2173 1119 2232 absolutionis
1138 2175 1320 2232 beneficium

280 2271 429 2330 obtinere.

317 2373 408 2444 Sane,
424 2384 533 2430 uttam
548 2372 819 2446 pretiosarumque
840 2371 1012 2428 veneranda
1032 2370 1173 2444 insignia,
1187 2389 1243 2445 pro
1258 2390 1321 2428 suae

282 2469 432 2544 exigentia
447 2469 603 2546 dignitatis
623 2471 654 2527 in
674 2471 732 2528 hoc
755 2470 867 2527 adhoc
887 2487 1022 2544 congruo
1045 2469 1113 2526 loco
1133 2469 1236 2528 debita
1251 2488 1320 2527 curn

281 2567 476 2626 veneratione
492 2582 658 2639 serventur,
675 2582 704 2626 et
719 2581 837 2626 servata
847 2567 1003 2625 laetificent
1017 2568 1055 2625 ad
1068 2568 1191 2624 illorum
1205 2580 1322 2641 specta-

283 2685 351 2726 men
366 2665 568 2738 confluentes,
578 2664 719 2723 volumus
729 2683 763 2722 ac
775 2665 866 2722 etiam
881 2663 1066 2732 ordinamus,
1082 2665 1165 2737 quod
1175 2663 1322 2738 Reliquiae

282 2779 312 2824 et
331 2763 461 2839 insignia
489 2763 555 2838 ipsa
581 2763 613 2820 in
644 2763 772 2820 ecclesia
801 2763 905 2820 Sancti
931 2763 1061 2837 Spiritus
1082 2763 1161 2819 Novi
1178 2763 1324 2837 Hospita-

283 2865 320 2921 lis
336 2865 424 2921 dictae
449 2861 580 2920 civitatis
601 2860 815 2918 venerabiliter
830 2861 1029 2931 collocentur,
1046 2874 1075 2918 et
1090 2860 1180 2918 etiam
1200 2877 1324 2917 conser-

283 2973 406 3031 ventur3
436 2961 580 3034 quodque
609 2959 807 3016 nihilominus
828 2959 918 3016 liceat
942 2959 1061 3016 dilectis
1076 2959 1159 3030 filiis,
1177 2959 1324 3033 Magistro

284 3058 397 3116 civium
411 3068 441 3114 et
464 3057 642 3113 consulibus
663 3057 751 3114 dictae
774 3056 914 3127 civitatis,
929 3057 1132 3130 praesentibus
1152 3071 1180 3114 et
1203 3056 1323 3122 futuris,

285 3173 379 3214 unum
402 3153 529 3228 singulis
545 3153 643 3225 annis,
659 3153 690 3209 in
715 3153 815 3211 medio
836 3153 942 3211 circuli
964 3155 1099 3228 ejusdem
1120 3155 1262 3228 civitatis,
1278 3155 1324 3212 vel

286 3253 346 3310 alio
361 3251 471 3309 adhoc
487 3251 565 3310 intra
579 3269 645 3308 eam
661 3251 910 3310 convenientiore
925 3251 1005 3322 loco,
1023 3254 1253 3310 tabernaculum
1267 3253 1325 3310 eri-

286 3369 366 3426 gere,
382 3349 413 3407 in
429 3369 490 3424 quo
506 3347 654 3424 Reliquiae
671 3363 699 3407 et
715 3349 846 3424 insignia
865 3349 931 3424 ipso
946 3351 1061 3424 populo
1084 3353 1282 3410 ostendantur
1297 3367 1327 3410 et

286 3449 317 3506 in
331 3467 368 3506 eo
382 3448 482 3516 etiam,
500 3447 524 3504 si
539 3461 612 3504 tunc
628 3447 712 3504 locus
728 3447 779 3504 ille
793 3447 927 3522 generali
948 3461 1027 3505 esset
1048 3448 1221 3522 interdicto,
1235 3450 1326 3507 etiam

286 3546 454 3623 apostolica
463 3545 644 3604 auctoritate
658 3546 852 3620 promulgato
863 3546 1049 3621 suppositus,
1062 3547 1152 3604 horas
1164 3547 1327 3605 canonicas

286 3665 302 3705 a
330 3645 436 3720 primis
462 3645 606 3720 vesperis,
634 3663 731 3718 usque
756 3645 793 3700 ad
825 3645 974 3702 secundas
1001 3663 1141 3721 vesperas
1165 3646 1214 3703 die
1238 3645 1326 3703 dicrae

286 3743 518 3802 monstrationis
542 3743 699 3813 inclusive,
729 3761 784 3798 nec
814 3761 876 3800 non
901 3743 1025 3801 missam
1047 3744 1138 3802 etiam
1165 3745 1224 3801 alta
1252 3763 1327 3802 voce

285 3845 446 3900 decantare
468 3840 558 3899 liceat
575 3861 580 3896 :
598 3853 766 3898 statuentes
783 3853 942 3913 praeterea,
958 3854 991 3898 ut
1011 3841 1146 3899 ostensio
1161 3841 1227 3914 ipsa
1251 3840 1326 3898 feria

285 3955 369 3998 sexta
404 3953 473 4014 post
507 3953 630 3997 octavas
663 3937 834 3996 festivitatis
870 3939 1037 3995 Dominicae
1072 3938 1325 4010 Resurrectionis,

285 4037 373 4094 annis
386 4037 514 4114 singulis
530 4037 592 4109 fiat,
611 4037 868 4110 quemadmodum
885 4049 929 4092 est
949 4036 1096 4092 hactenus
1115 4036 1180 4093 fieri
1197 4054 1326 4093 consue-

286 4149 365 4208 tum;
381 4135 423 4194 ita
437 4151 548 4206 tamen,
564 4139 647 4212 quod
666 4137 691 4194 si
706 4137 809 4193 forsan
821 4137 880 4194 alia
897 4137 945 4193 die
964 4137 1110 4212 Reliquiae
1129 4137 1202 4213 ipsae
1219 4139 1325 4212 quavis
1392 4123 1394 4128 ¹

287 4234 325 4291 de
338 4251 430 4292 causa
443 4235 555 4292 fuerint
575 4235 783 4307 ostendendae,
800 4235 858 4293 hoc
873 4253 935 4292 non
949 4235 981 4292 in
995 4236 1204 4310 tabernaculo,
1219 4238 1273 4294 sed
1294 4236 1325 4292 in
