3312 5060
367 431 431 499 124
549 431 658 478 noras
682 431 724 477 ar
747 415 877 477 arunas
902 415 1208 487 nncuaotoorouas

1346 551 1391 564 ¹¹-

360 673 460 726 wtem
480 668 556 726 nihil
571 685 637 726 esse
653 679 762 743 praeter
776 670 867 726 verba
882 667 998 742 putavit
1012 685 1019 723 ε
1032 684 1134 724 comes
1145 685 1216 725 vero
1231 665 1313 723 illico
1329 684 1394 724 cre·

359 766 447 837 didit,
463 781 492 826 et
506 766 593 824 illurn
607 765 660 840 qui
675 765 733 822 hoc
748 764 864 823 dixerat
883 765 1041 840 capellano
1062 783 1118 822 suo
1140 764 1310 822 Raimundo
1325 781 1394 822 cus-

359 864 538 922 todiendum
551 863 688 923 tradidit.

453 991 613 1055 [Raimundi
646 990 680 1041 de
711 989 838 1056 Aguilers
867 987 994 1040 Historia
1028 987 1208 1052 Francorum,
1236 1003 1283 1055 ap.
1317 987 1392 1040 Hist.

419 1078 606 1138 occidentanae,
617 1079 665 1131 des
680 1077 837 1139 Crot‘sades,
855 1087 873 1128 t.
887 1077 933 1140 ΙΙΙ,
946 1095 976 1144 p.
993 1076 1135 1142 253-255.]

395 1345 449 1360 .....
467 1305 511 1360 Eo
526 1315 673 1376 tempore,
697 1301 889 1376 contigerunt
911 1301 1002 1358 nobis
1023 1301 1162 1376 plurimae
1183 1299 1392 1376 revelationes,
1416 1358 1420 1368 ,

357 1419 412 1476 per
426 1400 532 1458 fratres
548 1415 679 1470 nostros,
694 1413 722 1457 et
738 1399 857 1474 signum
872 1399 904 1456 in
915 1399 994 1456 coelo
1009 1397 1147 1456 mirabile
1162 1396 1302 1454 vidimus.
1315 1397 1392 1454 Nam

358 1499 444 1557 stella
465 1500 605 1574 quaedam
629 1498 758 1556 maxima
781 1516 834 1573 per
860 1509 979 1555 noctem
1009 1516 1098 1573 super
1122 1499 1274 1558 civitatem
1298 1501 1391 1570 stetit,

358 1616 425 1672 quae
438 1611 507 1672 post
519 1598 643 1672 paulum
658 1597 689 1653 in
703 1611 764 1655 tres
775 1589 875 1671 partes
890 1597 986 1654 divisa
1001 1609 1055 1668 est,
1073 1611 1162 1672 atque
1175 1598 1206 1655 in
1221 1600 1392 1656 Tuscorum

307 1713 309 1719 ·
357 1695 464 1753 castris
492 1695 612 1752 cecidit.
631 1694 801 1751 Confortati
822 1693 914 1768 igitur
935 1695 1157 1768 aliquantulum
1182 1697 1287 1769 nostri,
1310 1698 1391 1755 diem

357 1793 507 1867 quintum,
522 1811 612 1867 quern
623 1793 804 1867 praedixerat
817 1794 959 1851 sacerdos
977 1794 1202 1868 exspectabant.
1216 1794 1272 1852 Die
1291 1809 1391 1854 autem

357 1892 418 1964 illa,
441 1895 618 1969 praeparatis
633 1895 823 1966 necessariis,
839 1895 1000 1953 duodecim
1021 1893 1087 1965 viri,
1100 1913 1168 1952 cunr
1193 1895 1315 1952 homine
1337 1895 1390 1953 illo

357 1993 457 2066 quide
475 1997 593 2052 Lancea
607 1995 734 2065 dixerat,
746 1994 850 2068 ejectis
865 1995 902 2051 de
918 1993 1045 2051 ecclesia
1058 1993 1141 2051 Beati
1156 1993 1237 2050 Petri
1249 1993 1390 2051 omnibus

357 2090 434 2160 aliis,
451 2091 554 2149 fodere
572 2093 730 2166 coepimus.
749 2093 818 2150 Fuit
830 2106 930 2150 autem
949 2092 1053 2150 inillis
1068 2091 1231 2148 duodecim
1244 2091 1316 2149 viris
1331 2091 1391 2165 epi·

357 2205 467 2260 scopus
482 2189 693 2247 Aurasicensis
709 2203 737 2248 et
753 2189 915 2247 Raimundi
927 2189 1046 2246 comitis
1057 2189 1243 2264 capellanus,
1260 2189 1312 2262 qui
1326 2189 1391 2246 haec

356 2284 486 2358 scripsit,
509 2301 539 2344 et
553 2286 617 2362 ipse
638 2304 751 2357 comes,
768 2299 797 2344 et
817 2287 943 2344 Pontius
958 2288 995 2344 de
1012 2287 1181 2357 Baladuno,
1200 2299 1228 2344 et
1245 2287 1390 2344 Faraldus

355 2383 393 2440 de
413 2383 556 2441 Tornaiz.
578 2385 740 2459 Quumque
760 2403 776 2441 a
798 2401 885 2441 mane
907 2402 1003 2458 usque
1023 2385 1061 2441 ad
1079 2403 1239 2460 vesperum
1261 2385 1390 2442 fodisse-

356 2499 434 2551 mus,
449 2481 480 2538 in
497 2499 621 2557 vespere
636 2483 797 2557 desperare
811 2482 933 2555 quidam
945 2483 981 2540 de
997 2482 1171 2539 inventione
1185 2483 1312 2539 Lanceae
1326 2499 1389 2538 coe-

354 2593 473 2654 perunt.
497 2581 684 2639 Discesserat
705 2583 785 2640 enim
804 2600 905 2640 comes
925 2595 1048 2656 propter
1065 2582 1181 2639 castelli
1204 2583 1388 2652 custodiam

355 2679 409 2735 sed
432 2678 501 2736 loco
525 2679 608 2737 illius
630 2695 659 2738 et
682 2680 811 2736 aliorum
836 2680 888 2754 qui
912 2679 1057 2737 fodiendo
1080 2679 1292 2754 fatigabantur,
1313 2679 1389 2736 alios

355 2789 491 2834 recentes
506 2776 736 2847 inducebamus,
758 2776 810 2850 qui
827 2777 953 2834 viriliter
975 2775 1059 2850 operi
1075 2776 1258 2834 insisterent.
1273 2776 1389 2833 Videns

354 2887 456 2931 autem
471 2874 588 2948 juvenis
603 2873 703 2948 quide
720 2874 838 2931 Lancea
850 2873 966 2932 dixerat
980 2873 1210 2947 nosdefatigari,
1223 2873 1389 2931 discinctus

354 2985 384 3028 et
398 2970 581 3029 discalciatis
601 2971 730 3045 pedibus
748 2971 779 3029 in
798 2971 922 3029 camisia
936 2972 968 3028 in
984 2971 1100 3028 foream
1118 2971 1284 3044 descendit,
1299 2985 1406 3046 atque*

354 3066 523 3124 obtestatus
546 3079 591 3124 est
615 3051 682 3124 nos¹
700 3081 733 3126 ut
755 3068 853 3124 Deum
874 3068 1115 3141 deprecaremur,
1138 3069 1280 3143 quatinus
1299 3069 1389 3127 nobis

355 3163 506 3222 Lanceam
519 3183 605 3222 suam
619 3167 759 3223 redderet
773 3165 805 3222 in
826 3165 1080 3223 confortationem
1100 3181 1130 3224 et
1147 3166 1304 3224 victoriam
1325 3185 1388 3224 suae

353 3262 462 3337 plebis.
484 3263 622 3320 Tandem
645 3281 699 3338 per
724 3264 851 3340 gratiam
875 3263 997 3338 pietatis
1025 3283 1088 3322 suae
1112 3261 1317 3322 commonitus
1343 3277 1388 3322 est

354 3361 504 3418 Dominus
519 3375 551 3420 ut
561 3363 712 3419 Lanceam
729 3379 814 3419 suant
829 3362 918 3420 nobis
934 3363 1083 3421 ostendat.
1094 3363 1131 3420 Et
1144 3379 1199 3437 ego
1213 3361 1264 3435 qui
1280 3361 1387 3436 scripsi

353 3459 429 3530 hac,
443 3478 536 3534 quum
550 3460 634 3518 solus
647 3478 753 3518 mucro
766 3459 865 3516 adhuc
885 3475 1042 3534 appareret
1056 3473 1281 3535 superterram,
1297 3477 1387 3516 oscu-

353 3557 431 3616 latus
447 3577 514 3616 sum
528 3575 605 3616 eam.
621 3560 776 3630 Quantum
794 3558 938 3634 gaudium
964 3573 994 3616 et
1014 3557 1174 3617 exsultatio
1192 3569 1265 3615 tunc
1284 3555 1388 3616 civita-

352 3668 413 3713 tem
429 3655 555 3732 replevit
578 3673 640 3712 non
664 3673 788 3730 possum
814 3655 927 3714 dicere.
949 3655 1073 3712 lnventa
1089 3667 1134 3712 est
1153 3665 1251 3710 autem
1268 3652 1388 3710 Lancea

353 3766 460 3811 octavo
475 3751 594 3810 decimo
605 3751 749 3810 kalendas
764 3751 829 3826 julii
841 3751 860 3806 ¹.

431 3876 521 3943 usia,
537 3893 563 3944 p.
582 3877 654 3944 sip]

387 4079 419 4130 ¹4
434 4063 492 4128 juin
512 4063 587 4133 1098.
