3290 5066
558 489 602 536 na
621 485 743 536 satura
761 481 943 532 courourra
1196 451 1263 524 385

235 587 1263 624 -----------α

273 747 286 779 ι
302 725 374 782 Plus
389 742 451 799 ung
464 721 556 780 coffre
576 723 614 779 de
626 721 732 795 cypris
750 729 818 776 tout
831 717 928 792 paint,
948 716 976 772 la
988 733 1028 772 ou
1043 729 1190 788 response
1205 731 1267 787 ung

239 823 335 904 cultre
350 821 425 896 petit
439 820 543 892 codre,
559 831 588 876 et
603 820 717 878 dedans
741 819 770 876 la
794 819 908 877 saincte
925 817 1048 891 Espine,
1069 815 1183 873 dedans
1204 832 1267 888 ung

238 919 351 994 xrispal
367 919 446 992 (ric),
470 929 500 976 et
519 917 563 976 les
586 917 666 975 deux
686 918 776 974 bouts
788 915 934 990 d’argent,
950 913 1089 990 armorye
1100 913 1154 970 des
1169 930 1267 972 armes

237 1017 275 1074 de
291 1017 409 1092 Savoye
423 1017 446 1074 ¹.
462 1039 476 1072 r

278 1193 342 1257 Les
357 1192 553 1256 inventaires
568 1192 607 1254 de
627 1193 764 1275 1497·98
778 1191 789 1219 ¹
805 1211 846 1256 au
863 1191 1025 1255 contraire
1041 1210 1081 1254 en
1104 1188 1267 1273 signalent

238 1300 330 1364 trois.
345 1305 373 1363 Α
390 1299 603 1380 Chambery:
847 1292 850 1298 ’

275 1483 342 1558 713.
368 1505 381 1537 a
407 1484 480 1542 ltem
510 1495 540 1540 et
563 1483 717 1557 quoddam
740 1482 822 1540 aliud
842 1482 1051 1557 reliquiarium
1075 1483 1114 1540 ad
1142 1481 1267 1538 modum

237 1582 338 1651 arche,
359 1580 559 1638 cristallinum
580 1593 609 1638 et
623 1593 798 1656 argenteum
814 1579 1011 1638 circumcirca
1032 1579 1220 1648 deauratum,
1236 1577 1267 1634 in

238 1695 300 1752 quo
314 1691 359 1734 est
373 1695 434 1734 una
449 1678 536 1752 spina
550 1695 664 1736 corone
682 1678 805 1736 Domini
830 1677 862 1734 in
880 1677 1010 1750 iustrino
1025 1672 1182 1734 cristallini
1198 1691 1267 1730 cum

238 1773 422 1848 quibusdam
458 1774 526 1831 aliis
557 1775 693 1850 reliquiis
721 1775 828 1832 sanctiv
848 1773 1031 1843 Sebastiani,
1063 1770 1163 1846 ligatis
1196 1787 1267 1828 cum

238 1883 362 1944 argento
378 1872 523 1928 deaurato
537 1889 554 1928 a
568 1873 687 1928 duabus
701 1872 849 1946 partibus,
862 1887 965 1944 panno
981 1869 1093 1927 ciriceo
1109 1867 1268 1940 involutis,

239 1983 358 2024 necnon
371 1967 409 2024 de
421 1966 582 2025 cunabulis
597 1967 710 2024 Christi
724 1967 755 2024 in
771 1968 889 2024 eodem.
907 1988 920 2020 r

274 2083 339 2139 722.
363 2088 377 2118 «ι
403 2067 488 2136 item,
515 2065 646 2138 quedam
669 2064 727 2121 alia
758 2063 859 2136 archa,
889 2063 951 2122 sive
973 2061 1069 2120 cassia
1093 2061 1130 2120 de
1149 2060 1266 2136 yvori0‚

238 2161 372 2218 involuta
385 2163 423 2218 de
437 2179 538 2230 coreo,
563 2162 594 2218 in
612 2179 672 2236 qua
691 2174 737 2218 est
758 2179 831 2218 crux
852 2160 948 2218 sancti
973 2159 1111 2232 Sepulcri
1126 2171 1268 2234 argentea

238 2275 306 2314 cum
328 2257 429 2314 multis
441 2259 544 2330 perliis
560 2273 590 2318 et
611 2277 703 2317 unum
719 2276 845 2333 parvum
867 2257 1076 2331 reliquiarium
1092 2269 1268 2331 argenteum

238 2351 419 2415 deauratum
429 2358 460 2414 in
478 2375 539 2432 quo
554 2369 624 2414 sunt
634 2356 730 2414 eciam
745 2355 880 2430 reliquiae
896 2367 925 2412 et
939 2355 1179 2428 infrascriptum.
1192 2355 1268 2410 Item

239 2465 268 2510 et
287 2471 347 2510 una
371 2453 429 2510 alia
452 2471 525 2512 crux
544 2453 580 2510 de
601 2471 660 2528 qua
683 2453 718 2511 fit
742 2452 896 2526 pectorale
922 2470 981 2527 que
1004 2453 1124 2509 videtur
1146 2469 1213 2509 esse
1232 2451 1269 2507 de

238 2566 323 2621 auro,
339 2550 370 2605 in
385 2567 444 2623 qua
466 2561 535 2608 sunt
548 2551 642 2608 multe
657 2549 762 2623 perlie.
779 2551 853 2608 Item
871 2564 901 2610 et
915 2551 997 2608 aliud
1015 2550 1170 2624 pectorale
1186 2549 1269 2606 vide·

239 2646 310 2704 licet
336 2647 441 2721 pulcra
462 2665 535 2704 crux
560 2649 705 2705 deaurata
729 2665 798 2704 cum
823 2648 926 2706 multis
941 2648 1045 2723 perliis
1067 2661 1097 2707 et
1115 2645 1269 2721 lapidibus

239 2742 396 2814 preciosis.
420 2744 493 2800 Item
516 2755 545 2802 et
561 2761 656 2801 unum
670 2744 752 2801 aliud
767 2761 892 2818 parvum
911 2744 1120 2819 reliquiarium
1138 2743 1176 2802 de
1195 2761 1269 2799 auro

241 2839 415 2908 rotondum,
431 2857 500 2895 cum
514 2857 575 2896 una
589 2857 681 2914 parva
696 2839 824 2897 cathena
837 2853 866 2897 et
879 2840 983 2897 arculo
999 2840 1152 2898 deauratis
1167 2840 1269 2913 inqua

238 2935 382 3008 scriptum
407 2951 452 2992 est
475 2936 605 3010 desuper
630 2953 636 2992 :
661 2937 699 2992 de
731 2937 818 3011 spina
843 2937 964 2994 Corone
997 2936 1120 2995 Christi.
1145 2937 1220 2994 ltem
1240 2950 1269 2994 et

239 3032 368 3103 quedam
382 3031 440 3088 alia
456 3049 548 3104 parva
563 3050 636 3090 crux
651 3051 720 3090 cum
735 3033 870 3108 quinque
883 3034 1037 3108 lapidibus
1051 3034 1140 3108 pauci
1157 3034 1269 3091 valoris

238 3139 267 3184 et
281 3127 374 3184 multe
389 3127 515 3200 reliquie
530 3142 559 3185 et
569 3129 677 3203 pannis
693 3129 820 3187 ciriceis.
838 3151 851 3184 r

279 3321 369 3382 Dans
383 3319 598 3383 ‘l'inventaire
622 3321 662 3384 de
683 3321 715 3384 la
736 3323 883 3405 chapelle
904 3325 944 3387 de
958 3325 1078 3405 Turin,
1095 3326 1139 3390 du
1157 3347 1197 3391 20
1213 3327 1270 3390 de·
1284 3343 1363 3392 turn

238 3425 367 3487 cembre
388 3425 479 3508 1498,
496 3445 581 3488 nous
596 3426 700 3489 lisons
717 3447 724 3490 ε
1287 3427 1359 3460 xm.

273 3610 340 3682 945.
357 3630 369 3662 α
391 3610 477 3682 Item,
493 3629 555 3684 ung
569 3611 622 3670 bot
640 3613 678 3669 de
699 3611 812 3678 cristal,
832 3630 926 3690 garny
950 3615 1087 3690 d’argent
1109 3617 1184 3674 dore
1212 3635 1271 3674 aux

240 3705 319 3762 deux
335 3707 423 3764 bouts
438 3721 466 3764 et
481 3725 540 3763 aux
553 3709 632 3765 deux
651 3711 772 3766 coustes
788 3723 816 3768 et
832 3728 920 3770 aune
941 3713 1044 3786 espine
1060 3715 1097 3771 de
1112 3714 1140 3770 la
1156 3714 1271 3771 saincte

240 3803 408 3860 Couronne
421 3805 546 3861 dedans.
563 3827 577 3856 »ι

268 4049 292 4083 r.
306 4023 386 4092 lirici..
401 4049 429 4098 p.
449 4033 508 4096 148.
794 4035 854 4086 rino
869 4035 925 4086 edi
936 4036 1023 4087 Ponte
1034 4036 1125 4100 ἀἈίη,
1141 4037 1269 4105 1497-98.

265 4134 290 4170 a.
312 4121 403 4186 Vayra
429 4121 549 4184 (Pietro),
573 4119 713 4172 Iuventati
791 4122 1209 4186 Torino,Bocca,1883,in·8·.

236 4203 281 4257 dei
295 4206 409 4258 Castalii
415 4207 444 4258 di
456 4207 602 4270 Ciamberi‚
618 4207 648 4257 cii
660 4207 710 4258 To·

1138 4329 1165 4375 25
