3312 5060
385 427 454 496 126
579 447 687 496 nonas
711 448 754 495 ar
777 434 906 496 arunas
930 435 1237 510 nncnaotourouas

1223 571 1413 584 —-=-—-—.

595 791 629 852 C.
647 792 701 849 ΙΙΙ.
717 824 752 836 -
770 791 888 851 Lancea
902 793 1028 851 Domini
1046 794 1203 853 invenitur.

414 995 569 1056 Foderunt
581 1011 683 1056 autem
697 997 740 1056 ibi
756 999 862 1056 Xlllim
876 998 1025 1069 homines,
1043 1018 1060 1058 a
1075 1017 1163 1059 mane
1177 1017 1276 1076 usque
1293 1003 1331 1060 ad
1345 1019 1413 1060 ves-

376 1111 498 1170 perum3
509 1095 613 1169 sicque
625 1113 703 1169 eam,
714 1096 847 1153 Domino
862 1095 1055 1171 disponente,
1068 1110 1282 1173 reppererunt;
1294 1097 1412 1174 fuitque

377 1210 485 1267 magna
504 1191 611 1250 laetitia
625 1192 656 1251 in
676 1192 760 1250 omni
778 1193 904 1268 populo,
921 1193 1099 1270 magnisque
1119 1195 1246 1252 vocibus
1265 1213 1412 1270 persona-

377 1293 449 1350 bant
459 1310 465 1349 :
477 1293 543 1350 «Te
554 1294 652 1350 Deum
662 1291 822 1350 laudamus
834 1315 847 1346 r
857 1305 887 1350 et
898 1313 910 1348 a
923 1291 1028 1350 Gloria
1039 1291 1070 1350 in
1080 1293 1207 1350 excelsis
1218 1294 1295 1351 Deo.
1304 1315 1316 1348 o
1324 1294 1412 1352 Tunc

375 1407 481 1447 omnes
500 1389 623 1448 insimul
642 1391 828 1466 juraverunt,
845 1390 916 1466 quia
940 1391 1042 1448 nullus
1067 1409 1173 1448 eorum
1195 1409 1250 1467 pro
1270 1391 1332 1450 ulla
1356 1391 1411 1450 tri·

376 1487 533 1546 bulatione
557 1507 610 1570 seu
632 1501 730 1546 morte
751 1488 879 1564 lugeret,
895 1507 952 1547 nec
974 1489 1011 1546 ab
1035 1489 1157 1564 incepto
1182 1489 1290 1548 itinere
1306 1489 1410 1548 Sancti

376 1585 513 1661 Sepulcri
533 1585 712 1646 discederet.
725 1585 832 1644 Omnis
854 1581 957 1661 itaque
972 1586 1092 1661 plebeia
1111 1587 1275 1646 multitudo
1293 1587 1411 1664 gravisa

375 1699 431 1759 est,
447 1705 541 1760 quum
558 1699 780 1745 sacramentum
794 1687 854 1744 hoc
868 1686 1004 1761 jurarent
1023 1686 1173 1760 majores3
1192 1700 1221 1745 et
1238 1686 1315 1745 alter
1334 1685 1409 1744 alte·

375 1803 440 1844 rum
456 1785 488 1842 in
501 1784 588 1842 virile
603 1785 697 1841 robur
710 1784 867 1856 suadebat,
883 1797 913 1843 et
927 1785 964 1840 de
980 1783 1084 1842 divino
1098 1783 1262 1859 adjutorio,
1274 1785 1312 1842 ad
1326 1784 1410 1858 quod

373 1882 555 1942 fiducialiter
569 1883 779 1956 unusquisque
798 1882 1042 1957 praestolabatur,
1058 1882 1270 1957 applaudebat.

466 2010 589 2076 [Roberti
604 2011 732 2062 Monachi
744 2009 871 2062 Historia
892 2009 1139 2075 lherosolimitana,
1150 2011 1220 2062 dans
1236 2009 1311 2064 Hist.
1322 2009 1407 2065 occid.

435 2097 483 2152 des
494 2099 649 2165 Croisades,
661 2109 680 2152 t.
692 2100 738 2164 ΙΙΙ,
751 2115 800 2167 pp.
817 2098 957 2164 aso-823]

817 2397 820 2404 ’
867 2390 911 2447 16.

410 2542 492 2616 1098.
506 2575 541 2584 —
553 2541 688 2600 Obsessa
699 2541 861 2600 Antiochia
876 2541 907 2598 in
928 2552 1046 2599 tantum
1062 2537 1207 2598 attenuati
1221 2550 1290 2596 sunt
1301 2537 1405 2594 Chris·

371 2639 445 2698 tiani
460 2653 583 2716 propter
596 2641 732 2698 omnium
747 2659 847 2698 rerum
861 2639 1030 2714 penuriam,
1042 2651 1074 2696 ut
1088 2637 1118 2695 in
1129 2651 1193 2696 toto
1209 2637 1341 2694 exercitu
1357 2636 1407 2693 vix

371 2753 492 2796 centum
508 2738 581 2795 boni
600 2738 671 2812 equi
686 2737 904 2795 invenirentur.
919 2739 956 2796 Et
971 2752 1072 2796 tamen
1093 2735 1230 2812 quamvis
1246 2754 1282 2793 ex
1297 2736 1406 2810 despe-

371 2837 488 2894 ratione
502 2855 602 2894 rerum
617 2836 703 2894 multi
723 2855 754 2894 se
770 2837 1000 2908 substraxerint,
1013 2835 1099 2893 multi
1114 2835 1205 2893 etiam
1222 2833 1405 2906 repatriave-

371 2935 441 3007 rint,
464 2953 546 2992 nono
571 2933 741 2992 obsidionis
766 2952 869 2992 mense
894 2949 982 3009 capta
1000 2933 1174 3006 Antiochia,
1196 2929 1360 2989 Christiani
1387 2947 1405 2987 a

369 3033 495 3109 paganis
515 3051 602 3092 versa
625 3033 690 3091 vice
718 3033 846 3104 obsessi,
869 3047 953 3092 tanta
973 3033 1051 3090 fame
1077 3031 1179 3089 afflicti
1202 3043 1283 3100 sunt,
1303 3043 1336 3086 ut
1355 3029 1404 3087 vix

370 3131 464 3206 aliqui
484 3133 521 3190 ab
536 3131 676 3188 humanis
696 3132 838 3189 carnibus
857 3149 888 3188 se
904 3131 1101 3189 abstinerent.
1123 3129 1183 3187 Sed
1204 3127 1365 3186 confortati
1387 3145 1403 3184 a

371 3229 435 3285 Deo
455 3247 508 3303 per
532 3229 683 3287 inventam
698 3228 794 3303 ipsius
820 3229 1015 3300 Lanceam‚a
1036 3241 1172 3301 tempore
1194 3225 1404 3300 apostolorum

369 3341 432 3381 non
445 3309 551 3397 uisam,
568 3324 634 3398 ipsa
650 3327 770 3382 Lancea
788 3341 842 3382 eos
857 3322 1174 3399 precedente,obsessi
1188 3323 1402 3380 obsessoribus

369 3436 589 3481 concurrerunt
602 3440 626 3504 4¹
636 3420 696 3479 kal.
709 3421 785 3496 julii,
798 3434 828 3479 et
842 3420 900 3479 hoc
922 3421 1013 3480 tertio
1028 3420 1109 3478 bello
1127 3417 1286 3476 victoriam
1300 3417 1402 3494 adepti

369 3531 448 3577 sunt.

462 3617 606 3684 [sigeberti
625 3619 834 3672 Gemblacensis
857 3619 1003 3682 Chronico,
1023 3635 1066 3686 ap.
1082 3617 1189 3671 Patrol.
1205 3617 1264 3679 lat,
1283 3626 1303 3667 t.
1322 3613 1401 3675 CLll,

428 3707 481 3758 col.
498 3705 634 3775 aab-227]

861 3964 903 4018 ¹7·

400 4113 516 4170 Thema
529 4113 566 4184 X,
583 4131 608 4170 c.
624 4131 652 4169 x.
676 4115 799 4170 -Erat
825 4124 927 4169 autem
947 4111 989 4168 ibi
1012 4111 1135 4186 quidam
1155 4109 1332 4184 peregrinus
1362 4109 1398 4166 de

366 4211 499 4272 exercitu
524 4225 640 4282 nostro,
661 4214 769 4269 Petrus
785 4211 1017 4268 Bartholomeus
1035 4211 1169 4282 nomine,
1189 4209 1239 4266 cui
1259 4205 1399 4282 apparuit
