3312 5060
610 456 652 502 lh
677 455 800 502 sntNTtt
826 455 935 502 LANCE

747 756 792 794 20.

733 889 814 962 1098.

284 1012 405 1070 Accidit
419 1025 531 1084 autem,
541 1025 703 1086 postquam
716 1012 822 1070 civitas
832 1027 920 1087 capta
930 1027 986 1086 est,
996 1031 1012 1070 a
1023 1016 1156 1088 quodam
1166 1016 1291 1078 homine

249 1113 407 1170 Lanceam
419 1127 512 1166 unam
527 1109 766 1184 inveniri,quam
779 1109 810 1166 in
825 1108 953 1167 ecclesia
968 1111 1047 1170 beati
1062 1113 1143 1171 Petri
1159 1117 1290 1190 apostoli

247 1211 332 1268 fossa
346 1208 442 1264 humo
457 1221 617 1283 repertam,
632 1209 825 1266 asseverabat
839 1226 904 1266 esse
914 1208 997 1266 illam
1006 1210 1043 1266 de
1057 1227 1116 1284 qua
1133 1213 1291 1288 Longinus

248 1309 280 1366 in
299 1307 396 1364 latere
424 1307 531 1364 dextro
561 1305 727 1376 Christum,
753 1287 919 1364 secundum
947 1307 1130 1384 Scripturas,
1145 1314 1286 1388 pupugit.

247 1407 359 1464 Aiebat
374 1404 456 1462 enim
470 1405 529 1462 hoc
545 1423 562 1462 a
576 1419 681 1464 sancto
696 1407 817 1463 Andrea
837 1406 977 1480 apostolo
997 1408 1162 1466 revelatum
1175 1409 1289 1480 {fuisse

249 1507 288 1564 Et
304 1521 400 1578 quum
416 1503 460 1559 sic
475 1503 598 1561 inventa
613 1503 731 1576 luisset,
747 1517 776 1561 et
793 1503 937 1578 episcopo
959 1505 1103 1563 Podiensi
1119 1521 1208 1582 atque
1220 1509 1291 1566 Rai-

248 1603 366 1660 mundo
387 1601 492 1660 comiti
512 1602 571 1661 hoc
589 1603 652 1678 ipse
672 1603 852 1674 intimasset,
873 1603 904 1660 id
919 1603 1080 1679 episcopus
1099 1605 1208 1663 falsum
1224 1625 1291 1666 esse

248 1700 375 1778 putavit,
391 1716 494 1756 comes
512 1719 584 1760 vero
599 1716 708 1759 verum
720 1700 859 1774 speravit.
878 1700 939 1758 Sed
959 1720 1053 1776 quum
1072 1704 1170 1761 omnis
1192 1725 1291 1782 popu-

248 1803 307 1872 lus,
319 1801 379 1857 hoc
395 1798 501 1857 audito
525 1796 674 1870 exultans,
691 1799 789 1855 Deum
811 1797 940 1872 proinde
963 1799 1173 1875 glorificasset,
1190 1818 1219 1862 et
1237 1823 1292 1880 per

248 1913 371 1958 centum
385 1897 447 1956 fere
460 1896 526 1954 dies
537 1897 575 1953 ab
588 1896 731 1954 omnibus
746 1897 778 1953 in
790 1897 985 1955 veneratione
999 1917 1107 1974 magna
1117 1900 1291 1980 haberetur,

248 2011 278 2054 et
294 2015 311 2053 a
326 1995 438 2053 comite
455 1994 636 2062 Raimund0‚
654 1994 706 2069 qui
722 2013 788 2051 eam
808 1995 1010 2068 custodiebat,
1026 1997 1156 2072 glorIose
1179 2015 1292 2060 tracta-

249 2111 343 2168 retur,
358 2091 487 2167 coutigit
503 2092 616 2149 multos
636 2093 673 2149 de
688 2093 769 2150 clero
786 2111 820 2150 ac
838 2095 953 2169 populo
968 2094 1108 2155 haesitare
1128 2099 1212 2173 quod
1230 2119 1292 2160 non

249 2207 330 2252 esset
347 2193 399 2250 illa
419 2189 573 2248 dominica
590 2189 720 2264 Lancea,
737 2192 790 2248 sed
805 2193 843 2248 ab
859 2192 982 2250 homine
997 2193 1050 2251 illo
1072 2196 1184 2254 stolido
1197 2199 1292 2257 altera

249 2305 313 2350 erat
330 2289 479 2349 fallaciter
501 2287 633 2346 inventa.
654 2289 856 2362 Quapropter,
879 2289 1010 2346 concilio
1035 2291 1110 2350 inito
1126 2306 1155 2352 et
1177 2295 1291 2370 jejunio

247 2390 393 2448 triduano
408 2385 554 2444 acunctis
568 2397 681 2443 statuto
696 2397 725 2442 et
740 2385 832 2457 iacto,
847 2404 915 2442 cum
931 2388 1152 2463 supplicatione
1166 2410 1292 2467 precum

249 2490 287 2546 ad
304 2489 414 2558 Deum,
430 2503 524 2560 quum
540 2483 691 2559 lignorum
707 2497 821 2542 struem
835 2484 866 2541 in
879 2485 980 2543 medio
1001 2505 1108 2563 campo
1124 2504 1193 2548 ante
1208 2493 1292 2568 oppi-

249 2587 322 2643 dum
345 2585 462 2642 Archas
487 2581 727 2652 succendissent,
748 2596 855 2640 octavo
881 2601 983 2642 mense
1007 2600 1076 2662 post
1098 2589 1292 2649 Antiochiam

248 2699 379 2760 captam,
393 2679 608 2740 benedictione
618 2679 754 2755 judiciali
766 2699 857 2755 super
867 2679 968 2756 ipsum
978 2682 1077 2758 ignem
1091 2687 1129 2742 ab
1140 2687 1292 2766 episcopis

249 2781 490 2853 lacta,inventor
502 2782 630 2837 Lanceae
645 2797 699 2853 per
709 2779 843 2836 medium
857 2780 922 2855 rogi
933 2781 1127 2856 flammantis,
1140 2785 1292 2861 sicutipse

247 2899 304 2956 pro
320 2878 500 2935 affirmanda
522 2877 647 2936 veritate
668 2895 722 2934 sua
746 2877 812 2935 fieri
835 2894 1028 2953 poposcerat,
1049 2881 1130 2939 ultro
1155 2883 1294 2942 celeriter

247 2976 456 3036 transmeavit.
481 2977 551 3045 Quo
563 2974 704 3040 transito,
715 2974 801 3031 illum
819 2974 974 3034 hominem
987 2977 1024 3034 de
1039 2977 1168 3036 flammis
1184 2999 1294 3040 exeun-

247 3089 321 3150 tem,
344 3091 491 3152 tanquam
512 3095 597 3134 reum
617 3075 649 3132 in
673 3087 742 3132 cute
766 3089 931 3132 crematum
954 3093 1188 3152 conspexerunt,
1213 3083 1292 3141 etin

248 3173 405 3232 interioris
430 3173 567 3250 corporis
588 3185 673 3248 parte
696 3172 803 3230 laesum
828 3187 924 3231 morte
953 3175 1176 3236 intellexerunt.
1201 3180 1292 3248 Quod

249 3273 341 3332 etiam
358 3275 400 3331 rei
414 3275 513 3332 exitus
529 3271 704 3342 declaravit,
717 3289 810 3346 quum
826 3271 874 3329 die
890 3273 1072 3332 duodecimo
1091 3276 1157 3349 ipso
1180 3294 1292 3350 angore

248 3372 435 3430 cauteriatus
451 3371 537 3430 obiit.
555 3371 593 3428 Et
607 3369 679 3444 quia
692 3370 731 3425 ob
747 3369 896 3426 honorem
911 3383 940 3428 et
955 3389 1089 3429 amorem
1106 3372 1171 3446 Dei,
1187 3392 1293 3432 omnes

250 3471 403 3528 Lanceam
417 3470 503 3528 illam
519 3467 653 3527 venerati
668 3467 798 3540 fuerant,
816 3469 874 3524 hoc
889 3469 1002 3542 judicio
1019 3469 1061 3527 sic
1077 3484 1293 3545 peracto,con-

247 3565 360 3625 tristati
385 3569 485 3640 valde,
513 3579 724 3624 remanserunt
747 3565 907 3636 increduli,
932 3566 984 3640 qui
1006 3567 1089 3641 prius
1118 3569 1294 3628 exstiterant

248 3667 340 3745 hujus
361 3667 405 3725 rei
421 3668 550 3728 creduli.
568 3667 677 3724 Comes
697 3679 799 3724 tamen
820 3666 1010 3724 Raimundus
1026 3667 1078 3725 diu
1099 3686 1164 3726 eam
1186 3683 1293 3744 postea

249 3781 390 3826 servavrt.

341 3891 491 3956 (Varianle
508 3909 517 3944 .·
537 3893 639 3947 Comes
661 3904 754 3946 tamen
778 3895 955 3947 Raimundus
972 3896 1069 3947 tandiu
1086 3905 1148 3943 eam
1167 3894 1294 3956 servavit,

312 3982 400 4033 donec
418 3997 492 4046 eam,
506 3983 601 4036 nescio
619 3999 675 4052 quo
688 3995 797 4048 eventu,
814 3985 980 4051 perdidit,p.
993 3983 1054 4050 345,
1072 3985 1110 4050 n.)

345 4070 498 4135 [Fulcherii
509 4071 691 4124 Camotensis
703 4072 787 4124 Gesta
800 4073 1039 4139 peregrinantium
1053 4071 1222 4123 Francorum
1235 4086 1295 4123 cum

312 4159 399 4211 armis
417 4159 586 4212 Hierusalem
609 4161 793 4228 pergentium,
818 4175 862 4228 ap.
884 4161 958 4214 Hist.
975 4161 1059 4214 occid.
1074 4161 1122 4213 des
1139 4161 1293 4223 croisades,

315 4261 333 4302 t.
353 4252 400 4317 ΙΙΙ,
416 4268 443 4318 p.
464 4253 535 4318 344]
