<?xml version="1.0" encoding="UTF-8"?>
<!DOCTYPE html PUBLIC "-//W3C//DTD XHTML 1.0 Transitional//EN"
    "http://www.w3.org/TR/xhtml1/DTD/xhtml1-transitional.dtd">
<html xmlns="http://www.w3.org/1999/xhtml" xml:lang="en" lang="en">
 <head>
  <title>
</title>
<meta http-equiv="Content-Type" content="text/html;charset=utf-8" />
  <meta name='ocr-system' content='tesseract 3.04.00' />
  <meta name='ocr-capabilities' content='ocr_page ocr_carea ocr_par ocr_line ocrx_word'/>
</head>
<body>
  <div class='ocr_page' id='page_1' title='image "./exuvisacrconsta01mlgoog_0173.png"; bbox 0 0 3312 5060; ppageno 0'>
   <div class='ocr_carea' id='block_1_1' title="bbox 347 407 1188 484">
    <p class='ocr_par' dir='ltr' id='par_1_1' title="bbox 347 407 1188 484">
     <span class='ocr_line' id='line_1_1' title="bbox 347 407 1188 484; baseline 0 -10"><span class='ocrx_word' id='word_1_1' title='bbox 347 407 410 476; x_wconf 89' lang='lat'>158</span> <span class='ocrx_word' id='word_1_2' title='bbox 530 423 638 473; x_wconf 80' lang='lat' dir='ltr'>noras</span> <span class='ocrx_word' id='word_1_3' title='bbox 662 423 704 471; x_wconf 82' lang='lat' dir='ltr'>nr</span> <span class='ocrx_word' id='word_1_4' title='bbox 727 409 858 470; x_wconf 73' lang='lat' dir='ltr'>arunas</span> <span class='ocrx_word' id='word_1_5' title='bbox 882 411 1188 484; x_wconf 73' lang='lat' dir='ltr'>nacunoionronas</span> 
     </span>
    </p>
   </div>
   <div class='ocr_carea' id='block_1_2' title="bbox 339 657 1377 2076">
    <p class='ocr_par' dir='ltr' id='par_1_2' title="bbox 339 657 1377 2076">
     <span class='ocr_line' id='line_1_2' title="bbox 375 657 1374 734; baseline 0.003 -18"><span class='ocrx_word' id='word_1_6' title='bbox 375 661 490 719; x_wconf 84' lang='lat' dir='ltr'>Octavo</span> <span class='ocrx_word' id='word_1_7' title='bbox 514 659 636 716; x_wconf 81' lang='lat' dir='ltr'>kalend.</span> <span class='ocrx_word' id='word_1_8' title='bbox 654 657 767 734; x_wconf 81' lang='lat' dir='ltr'>Aprilis</span> <span class='ocrx_word' id='word_1_9' title='bbox 790 659 834 730; x_wconf 68' lang='lat'>(25</span> <span class='ocrx_word' id='word_1_10' title='bbox 858 661 959 734; x_wconf 89' lang='lat' dir='ltr'>mars).</span> <span class='ocrx_word' id='word_1_11' title='bbox 982 660 1109 717; x_wconf 74' lang='lat' dir='ltr'>Lutetiae</span> <span class='ocrx_word' id='word_1_12' title='bbox 1133 661 1321 720; x_wconf 82' lang='lat' dir='ltr'>Parisiorum</span> <span class='ocrx_word' id='word_1_13' title='bbox 1343 662 1374 719; x_wconf 93' lang='lat' dir='ltr'>in</span> 
     </span>
     <span class='ocr_line' id='line_1_3' title="bbox 342 753 1375 831; baseline 0.001 -18"><span class='ocrx_word' id='word_1_14' title='bbox 342 757 472 814; x_wconf 82' lang='lat' dir='ltr'>Basilica</span> <span class='ocrx_word' id='word_1_15' title='bbox 487 756 596 831; x_wconf 87' lang='lat' dir='ltr'>regalis</span> <span class='ocrx_word' id='word_1_16' title='bbox 609 753 729 827; x_wconf 85' lang='lat' dir='ltr'>Palatii,</span> <span class='ocrx_word' id='word_1_17' title='bbox 736 755 873 812; x_wconf 81' lang='lat' dir='ltr'>adoratio</span> <span class='ocrx_word' id='word_1_18' title='bbox 884 757 1012 815; x_wconf 83' lang='lat' dir='ltr'>vivificae</span> <span class='ocrx_word' id='word_1_19' title='bbox 1022 757 1161 815; x_wconf 88' lang='lat' dir='ltr'>Crucis...</span> <span class='ocrx_word' id='word_1_20' title='bbox 1175 758 1291 815; x_wconf 91' lang='lat' dir='ltr'>lbidem</span> <span class='ocrx_word' id='word_1_21' title='bbox 1306 759 1375 816; x_wconf 90' lang='lat' dir='ltr'>hor·</span> 
     </span>
     <span class='ocr_line' id='line_1_4' title="bbox 339 851 1375 930; baseline 0.001 -18"><span class='ocrx_word' id='word_1_22' title='bbox 339 856 434 912; x_wconf 89' lang='lat' dir='ltr'>renda</span> <span class='ocrx_word' id='word_1_23' title='bbox 453 851 598 911; x_wconf 84' lang='lat' dir='ltr'>exhibitio</span> <span class='ocrx_word' id='word_1_24' title='bbox 615 865 645 910; x_wconf 87' lang='lat' dir='ltr'>et</span> <span class='ocrx_word' id='word_1_25' title='bbox 667 851 810 926; x_wconf 85' lang='lat' dir='ltr'>religiosa</span> <span class='ocrx_word' id='word_1_26' title='bbox 832 854 986 912; x_wconf 82' lang='lat' dir='ltr'>reueratio</span> <span class='ocrx_word' id='word_1_27' title='bbox 1006 867 1185 911; x_wconf 77' lang='lat' dir='ltr'>caeterorum</span> <span class='ocrx_word' id='word_1_28' title='bbox 1209 855 1375 930; x_wconf 89' lang='lat' dir='ltr'>insignium</span> 
     </span>
     <span class='ocr_line' id='line_1_5' title="bbox 339 948 1375 1027; baseline 0.002 -19"><span class='ocrx_word' id='word_1_29' title='bbox 339 950 435 1025; x_wconf 90' lang='lat' dir='ltr'>ipsius</span> <span class='ocrx_word' id='word_1_30' title='bbox 450 949 564 1007; x_wconf 84' lang='lat' dir='ltr'>Christi</span> <span class='ocrx_word' id='word_1_31' title='bbox 584 948 707 1006; x_wconf 86' lang='lat' dir='ltr'>Domini</span> <span class='ocrx_word' id='word_1_32' title='bbox 723 948 877 1005; x_wconf 83' lang='lat' dir='ltr'>dolorosae</span> <span class='ocrx_word' id='word_1_33' title='bbox 897 949 1073 1008; x_wconf 77' lang='lat' dir='ltr'>Passionis:</span> <span class='ocrx_word' id='word_1_34' title='bbox 1096 950 1239 1008; x_wconf 89' lang='lat' dir='ltr'>nimirum</span> <span class='ocrx_word' id='word_1_35' title='bbox 1261 952 1375 1027; x_wconf 81' lang='lat' dir='ltr'>spineae</span> 
     </span>
     <span class='ocr_line' id='line_1_6' title="bbox 340 1045 1374 1124; baseline 0.002 -20"><span class='ocrx_word' id='word_1_36' title='bbox 340 1049 471 1106; x_wconf 82' lang='lat' dir='ltr'>Coronae</span> <span class='ocrx_word' id='word_1_37' title='bbox 483 1065 543 1121; x_wconf 90' lang='lat' dir='ltr'>qua</span> <span class='ocrx_word' id='word_1_38' title='bbox 558 1045 732 1116; x_wconf 83' lang='lat' dir='ltr'>redemitus,</span> <span class='ocrx_word' id='word_1_39' title='bbox 746 1057 774 1102; x_wconf 91' lang='lat' dir='ltr'>et</span> <span class='ocrx_word' id='word_1_40' title='bbox 787 1045 952 1103; x_wconf 85' lang='lat' dir='ltr'>Arundinis</span> <span class='ocrx_word' id='word_1_41' title='bbox 967 1063 1030 1121; x_wconf 80' lang='lat' dir='ltr'>qua</span> <span class='ocrx_word' id='word_1_42' title='bbox 1042 1047 1150 1105; x_wconf 89' lang='lat' dir='ltr'>illusus</span> <span class='ocrx_word' id='word_1_43' title='bbox 1163 1061 1191 1105; x_wconf 89' lang='lat' dir='ltr'>et</span> <span class='ocrx_word' id='word_1_44' title='bbox 1201 1066 1374 1124; x_wconf 88' lang='lat' dir='ltr'>percussus,</span> 
     </span>
     <span class='ocr_line' id='line_1_7' title="bbox 340 1145 1375 1226; baseline 0.007 -26"><span class='ocrx_word' id='word_1_45' title='bbox 340 1145 516 1221; x_wconf 77' lang='lat' dir='ltr'>chlamydis</span> <span class='ocrx_word' id='word_1_46' title='bbox 532 1145 683 1204; x_wconf 84' lang='lat' dir='ltr'>coccineae</span> <span class='ocrx_word' id='word_1_47' title='bbox 699 1164 760 1220; x_wconf 90' lang='lat' dir='ltr'>quo</span> <span class='ocrx_word' id='word_1_48' title='bbox 774 1147 942 1203; x_wconf 89' lang='lat' dir='ltr'>ludibriose</span> <span class='ocrx_word' id='word_1_49' title='bbox 953 1148 1093 1220; x_wconf 83' lang='lat' dir='ltr'>vestitus,</span> <span class='ocrx_word' id='word_1_50' title='bbox 1104 1149 1247 1226; x_wconf 80' lang='lat' dir='ltr'>Spongiae</span> <span class='ocrx_word' id='word_1_51' title='bbox 1264 1149 1296 1206; x_wconf 92' lang='lat' dir='ltr'>in</span> <span class='ocrx_word' id='word_1_52' title='bbox 1315 1168 1375 1224; x_wconf 92' lang='lat' dir='ltr'>qua</span> 
     </span>
     <span class='ocr_line' id='line_1_8' title="bbox 340 1243 1375 1321; baseline 0.007 -23"><span class='ocrx_word' id='word_1_53' title='bbox 340 1255 425 1300; x_wconf 89' lang='lat' dir='ltr'>aceto</span> <span class='ocrx_word' id='word_1_54' title='bbox 444 1257 579 1319; x_wconf 90' lang='lat' dir='ltr'>potatus,</span> <span class='ocrx_word' id='word_1_55' title='bbox 595 1243 667 1301; x_wconf 85' lang='lat' dir='ltr'>ferri</span> <span class='ocrx_word' id='word_1_56' title='bbox 688 1245 897 1318; x_wconf 85' lang='lat' dir='ltr'>Lauceae,qua</span> <span class='ocrx_word' id='word_1_57' title='bbox 925 1245 1019 1302; x_wconf 87' lang='lat' dir='ltr'>latere</span> <span class='ocrx_word' id='word_1_58' title='bbox 1042 1243 1209 1306; x_wconf 86' lang='lat' dir='ltr'>transfixus</span> <span class='ocrx_word' id='word_1_59' title='bbox 1229 1259 1258 1304; x_wconf 87' lang='lat' dir='ltr'>et</span> <span class='ocrx_word' id='word_1_60' title='bbox 1280 1247 1375 1321; x_wconf 92' lang='lat' dir='ltr'>partis</span> 
     </span>
     <span class='ocr_line' id='line_1_9' title="bbox 341 1339 1375 1418; baseline 0.001 -22"><span class='ocrx_word' id='word_1_61' title='bbox 341 1339 472 1412; x_wconf 89' lang='lat' dir='ltr'>Sudarii,</span> <span class='ocrx_word' id='word_1_62' title='bbox 484 1359 546 1415; x_wconf 93' lang='lat' dir='ltr'>quo</span> <span class='ocrx_word' id='word_1_63' title='bbox 567 1343 714 1415; x_wconf 90' lang='lat' dir='ltr'>sepultus,</span> <span class='ocrx_word' id='word_1_64' title='bbox 734 1357 811 1413; x_wconf 91' lang='lat' dir='ltr'>opus</span> <span class='ocrx_word' id='word_1_65' title='bbox 832 1341 973 1398; x_wconf 87' lang='lat' dir='ltr'>humanae</span> <span class='ocrx_word' id='word_1_66' title='bbox 997 1341 1213 1416; x_wconf 84' lang='lat' dir='ltr'>redemptionis</span> <span class='ocrx_word' id='word_1_67' title='bbox 1235 1359 1296 1400; x_wconf 80' lang='lat' dir='ltr'>sua</span> <span class='ocrx_word' id='word_1_68' title='bbox 1311 1341 1375 1418; x_wconf 86' lang='lat' dir='ltr'>ipse</span> 
     </span>
     <span class='ocr_line' id='line_1_10' title="bbox 340 1437 1376 1512; baseline 0.004 -19"><span class='ocrx_word' id='word_1_69' title='bbox 340 1437 483 1494; x_wconf 88' lang='lat' dir='ltr'>incensus</span> <span class='ocrx_word' id='word_1_70' title='bbox 498 1437 643 1496; x_wconf 86' lang='lat' dir='ltr'>charitate</span> <span class='ocrx_word' id='word_1_71' title='bbox 655 1437 885 1495; x_wconf 86' lang='lat' dir='ltr'>consummavit.</span> <span class='ocrx_word' id='word_1_72' title='bbox 901 1439 977 1507; x_wconf 80' lang='lat' dir='ltr'>Quae</span> <span class='ocrx_word' id='word_1_73' title='bbox 992 1437 1096 1495; x_wconf 91' lang='lat' dir='ltr'>omnia</span> <span class='ocrx_word' id='word_1_74' title='bbox 1111 1437 1315 1495; x_wconf 87' lang='lat' dir='ltr'>sacratissima</span> <span class='ocrx_word' id='word_1_75' title='bbox 1328 1439 1376 1512; x_wconf 90' lang='lat' dir='ltr'>pi-</span> 
     </span>
     <span class='ocr_line' id='line_1_11' title="bbox 340 1534 1377 1609; baseline 0.002 -19"><span class='ocrx_word' id='word_1_76' title='bbox 340 1552 435 1608; x_wconf 87' lang='lat' dir='ltr'>gnora</span> <span class='ocrx_word' id='word_1_77' title='bbox 447 1549 517 1590; x_wconf 91' lang='lat' dir='ltr'>cum</span> <span class='ocrx_word' id='word_1_78' title='bbox 530 1551 638 1609; x_wconf 89' lang='lat' dir='ltr'>magna</span> <span class='ocrx_word' id='word_1_79' title='bbox 652 1546 736 1608; x_wconf 90' lang='lat' dir='ltr'>parte</span> <span class='ocrx_word' id='word_1_80' title='bbox 754 1535 918 1608; x_wconf 92' lang='lat' dir='ltr'>superioris</span> <span class='ocrx_word' id='word_1_81' title='bbox 933 1534 1043 1608; x_wconf 90' lang='lat' dir='ltr'>lapidis</span> <span class='ocrx_word' id='word_1_82' title='bbox 1056 1534 1150 1592; x_wconf 88' lang='lat' dir='ltr'>divini</span> <span class='ocrx_word' id='word_1_83' title='bbox 1167 1535 1327 1608; x_wconf 90' lang='lat' dir='ltr'>Sepulchri</span> <span class='ocrx_word' id='word_1_84' title='bbox 1347 1547 1377 1592; x_wconf 86' lang='lat' dir='ltr'>et</span> 
     </span>
     <span class='ocr_line' id='line_1_12' title="bbox 340 1629 1375 1704; baseline -0.001 -17"><span class='ocrx_word' id='word_1_85' title='bbox 340 1630 408 1688; x_wconf 90' lang='lat' dir='ltr'>aliis</span> <span class='ocrx_word' id='word_1_86' title='bbox 422 1629 650 1704; x_wconf 88' lang='lat' dir='ltr'>pretiosissimis</span> <span class='ocrx_word' id='word_1_87' title='bbox 670 1629 851 1688; x_wconf 82' lang='lat' dir='ltr'>Christianae</span> <span class='ocrx_word' id='word_1_88' title='bbox 866 1629 988 1704; x_wconf 90' lang='lat' dir='ltr'>pietatis</span> <span class='ocrx_word' id='word_1_89' title='bbox 1003 1629 1209 1702; x_wconf 89' lang='lat' dir='ltr'>monimentis,</span> <span class='ocrx_word' id='word_1_90' title='bbox 1226 1630 1256 1687; x_wconf 93' lang='lat' dir='ltr'>S.</span> <span class='ocrx_word' id='word_1_91' title='bbox 1275 1631 1375 1687; x_wconf 90' lang='lat' dir='ltr'>Ludo·</span> 
     </span>
     <span class='ocr_line' id='line_1_13' title="bbox 340 1726 1375 1803; baseline -0.003 -18"><span class='ocrx_word' id='word_1_92' title='bbox 340 1729 436 1802; x_wconf 88' lang='lat' dir='ltr'>vicus,</span> <span class='ocrx_word' id='word_1_93' title='bbox 451 1729 617 1786; x_wconf 87' lang='lat' dir='ltr'>Galliarum</span> <span class='ocrx_word' id='word_1_94' title='bbox 632 1729 797 1803; x_wconf 91' lang='lat' dir='ltr'>Augustus,</span> <span class='ocrx_word' id='word_1_95' title='bbox 823 1728 929 1785; x_wconf 87' lang='lat' dir='ltr'>eadem</span> <span class='ocrx_word' id='word_1_96' title='bbox 945 1729 977 1785; x_wconf 92' lang='lat' dir='ltr'>in</span> <span class='ocrx_word' id='word_1_97' title='bbox 997 1730 1089 1785; x_wconf 89' lang='lat' dir='ltr'>Sacra</span> <span class='ocrx_word' id='word_1_98' title='bbox 1108 1728 1232 1800; x_wconf 85' lang='lat' dir='ltr'>Capella</span> <span class='ocrx_word' id='word_1_99' title='bbox 1251 1726 1290 1784; x_wconf 88' lang='lat' dir='ltr'>ad</span> <span class='ocrx_word' id='word_1_100' title='bbox 1306 1743 1375 1799; x_wconf 87' lang='lat' dir='ltr'>per-</span> 
     </span>
     <span class='ocr_line' id='line_1_14' title="bbox 339 1821 1376 1899; baseline -0.004 -17"><span class='ocrx_word' id='word_1_101' title='bbox 339 1838 462 1899; x_wconf 90' lang='lat' dir='ltr'>petuam</span> <span class='ocrx_word' id='word_1_102' title='bbox 477 1825 703 1882; x_wconf 86' lang='lat' dir='ltr'>venerationem</span> <span class='ocrx_word' id='word_1_103' title='bbox 723 1839 752 1882; x_wconf 90' lang='lat' dir='ltr'>et</span> <span class='ocrx_word' id='word_1_104' title='bbox 771 1826 862 1898; x_wconf 78' lang='lat' dir='ltr'>regiae</span> <span class='ocrx_word' id='word_1_105' title='bbox 876 1825 972 1894; x_wconf 89' lang='lat' dir='ltr'>urbis,</span> <span class='ocrx_word' id='word_1_106' title='bbox 988 1824 1051 1881; x_wconf 91' lang='lat' dir='ltr'>imo</span> <span class='ocrx_word' id='word_1_107' title='bbox 1073 1824 1157 1898; x_wconf 85' lang='lat' dir='ltr'>regni</span> <span class='ocrx_word' id='word_1_108' title='bbox 1179 1821 1376 1880; x_wconf 90' lang='lat' dir='ltr'>Christianis-</span> 
     </span>
     <span class='ocr_line' id='line_1_15' title="bbox 342 1917 1375 1996; baseline -0.002 -18"><span class='ocrx_word' id='word_1_109' title='bbox 342 1922 410 1978; x_wconf 91' lang='lat' dir='ltr'>simi</span> <span class='ocrx_word' id='word_1_110' title='bbox 438 1920 531 1978; x_wconf 88' lang='lat' dir='ltr'>decus</span> <span class='ocrx_word' id='word_1_111' title='bbox 551 1933 640 1995; x_wconf 85' lang='lat' dir='ltr'>atque</span> <span class='ocrx_word' id='word_1_112' title='bbox 667 1920 855 1995; x_wconf 85' lang='lat' dir='ltr'>praesidium,</span> <span class='ocrx_word' id='word_1_113' title='bbox 882 1921 992 1996; x_wconf 84' lang='lat' dir='ltr'>insigni</span> <span class='ocrx_word' id='word_1_114' title='bbox 1016 1920 1179 1980; x_wconf 87' lang='lat' dir='ltr'>devotione</span> <span class='ocrx_word' id='word_1_115' title='bbox 1204 1933 1233 1976; x_wconf 90' lang='lat' dir='ltr'>et</span> <span class='ocrx_word' id='word_1_116' title='bbox 1261 1917 1375 1994; x_wconf 80' lang='lat' dir='ltr'>ingenti</span> 
     </span>
     <span class='ocr_line' id='line_1_16' title="bbox 342 2015 930 2076; baseline 0.003 -3"><span class='ocrx_word' id='word_1_117' title='bbox 342 2019 512 2076; x_wconf 87' lang='lat' dir='ltr'>reverentia</span> <span class='ocrx_word' id='word_1_118' title='bbox 526 2033 560 2074; x_wconf 92' lang='lat' dir='ltr'>ac</span> <span class='ocrx_word' id='word_1_119' title='bbox 570 2015 744 2074; x_wconf 87' lang='lat' dir='ltr'>celebritate</span> <span class='ocrx_word' id='word_1_120' title='bbox 759 2017 930 2076; x_wconf 87' lang='lat' dir='ltr'>collocavit.</span> 
     </span>
    </p>
   </div>
   <div class='ocr_carea' id='block_1_3' title="bbox 405 2147 1374 2307">
    <p class='ocr_par' dir='ltr' id='par_1_3' title="bbox 405 2147 1374 2307">
     <span class='ocr_line' id='line_1_17' title="bbox 452 2147 1374 2216; baseline 0 -16"><span class='ocrx_word' id='word_1_121' title='bbox 452 2149 506 2214; x_wconf 90' lang='lat' dir='ltr'>[Du</span> <span class='ocrx_word' id='word_1_122' title='bbox 546 2149 676 2214; x_wconf 80' lang='lat' dir='ltr'>Saussry,</span> <span class='ocrx_word' id='word_1_123' title='bbox 704 2147 941 2216; x_wconf 66' lang='lat' dir='ltr'>Martyrologium</span> <span class='ocrx_word' id='word_1_124' title='bbox 975 2149 1157 2214; x_wconf 83' lang='lat' dir='ltr'>Gallicanum,</span> <span class='ocrx_word' id='word_1_125' title='bbox 1183 2151 1374 2216; x_wconf 76' lang='lat' dir='ltr'>Supplement,</span> 
     </span>
     <span class='ocr_line' id='line_1_18' title="bbox 405 2237 696 2307; baseline -0.014 -17"><span class='ocrx_word' id='word_1_126' title='bbox 405 2255 453 2306; x_wconf 91' lang='lat' dir='ltr'>pp.</span> <span class='ocrx_word' id='word_1_127' title='bbox 479 2250 587 2307; x_wconf 83' lang='lat' dir='ltr'>1099et</span> <span class='ocrx_word' id='word_1_128' title='bbox 609 2237 696 2300; x_wconf 73' lang='lat' dir='ltr'>riom]</span> 
     </span>
    </p>
   </div>
   <div class='ocr_carea' id='block_1_4' title="bbox 832 2509 881 2581">
    <p class='ocr_par' dir='ltr' id='par_1_4' title="bbox 832 2509 881 2581">
     <span class='ocr_line' id='line_1_19' title="bbox 832 2509 881 2581; baseline 0 -15"><span class='ocrx_word' id='word_1_129' title='bbox 832 2509 881 2581; x_wconf 82' lang='lat'>43.</span> 
     </span>
    </p>
   </div>
   <div class='ocr_carea' id='block_1_5' title="bbox 341 2686 1379 4213">
    <p class='ocr_par' dir='ltr' id='par_1_5' title="bbox 341 2686 1379 4213">
     <span class='ocr_line' id='line_1_20' title="bbox 377 2686 1377 2762; baseline -0.003 -17"><span class='ocrx_word' id='word_1_130' title='bbox 377 2686 542 2760; x_wconf 89' lang='lat' dir='ltr'>[Henricus</span> <span class='ocrx_word' id='word_1_131' title='bbox 558 2686 744 2758; x_wconf 90' lang='lat' dir='ltr'>Patriarcha]</span> <span class='ocrx_word' id='word_1_132' title='bbox 759 2686 957 2744; x_wconf 86' lang='lat' dir='ltr'>Patriarchali</span> <span class='ocrx_word' id='word_1_133' title='bbox 972 2704 1046 2744; x_wconf 88' lang='lat' dir='ltr'>cura</span> <span class='ocrx_word' id='word_1_134' title='bbox 1059 2699 1089 2744; x_wconf 86' lang='lat' dir='ltr'>et</span> <span class='ocrx_word' id='word_1_135' title='bbox 1103 2687 1169 2744; x_wconf 85' lang='lat' dir='ltr'>zelo</span> <span class='ocrx_word' id='word_1_136' title='bbox 1184 2686 1239 2744; x_wconf 93' lang='lat' dir='ltr'>Dei</span> <span class='ocrx_word' id='word_1_137' title='bbox 1255 2703 1377 2762; x_wconf 86' lang='lat' dir='ltr'>permo-</span> 
     </span>
     <span class='ocr_line' id='line_1_21' title="bbox 341 2771 1376 2858; baseline -0.003 -16"><span class='ocrx_word' id='word_1_138' title='bbox 341 2771 401 2858; x_wconf 81' lang='lat' dir='ltr'>tus,</span> <span class='ocrx_word' id='word_1_139' title='bbox 415 2784 619 2843; x_wconf 88' lang='lat' dir='ltr'>Castellanam</span> <span class='ocrx_word' id='word_1_140' title='bbox 635 2783 733 2840; x_wconf 87' lang='lat' dir='ltr'>Castri</span> <span class='ocrx_word' id='word_1_141' title='bbox 745 2782 916 2841; x_wconf 85' lang='lat' dir='ltr'>Antiochiae</span> <span class='ocrx_word' id='word_1_142' title='bbox 930 2785 968 2841; x_wconf 89' lang='lat' dir='ltr'>ad</span> <span class='ocrx_word' id='word_1_143' title='bbox 979 2784 1157 2858; x_wconf 82' lang='lat' dir='ltr'>religionem</span> <span class='ocrx_word' id='word_1_144' title='bbox 1172 2783 1376 2841; x_wconf 87' lang='lat' dir='ltr'>Christianam</span> 
     </span>
     <span class='ocr_line' id='line_1_22' title="bbox 342 2877 1377 2955; baseline 0.001 -18"><span class='ocrx_word' id='word_1_145' title='bbox 342 2880 583 2955; x_wconf 87' lang='lat' dir='ltr'>amplectendam</span> <span class='ocrx_word' id='word_1_146' title='bbox 596 2878 888 2953; x_wconf 87' lang='lat' dir='ltr'>exhortatur,plures</span> <span class='ocrx_word' id='word_1_147' title='bbox 902 2897 1002 2936; x_wconf 89' lang='lat' dir='ltr'>sacras</span> <span class='ocrx_word' id='word_1_148' title='bbox 1016 2880 1106 2948; x_wconf 84' lang='lat' dir='ltr'>aedes,</span> <span class='ocrx_word' id='word_1_149' title='bbox 1119 2877 1288 2936; x_wconf 87' lang='lat' dir='ltr'>infidelium</span> <span class='ocrx_word' id='word_1_150' title='bbox 1302 2883 1377 2955; x_wconf 89' lang='lat' dir='ltr'>inju-</span> 
     </span>
     <span class='ocr_line' id='line_1_23' title="bbox 342 2975 1376 3047; baseline -0.003 -12"><span class='ocrx_word' id='word_1_151' title='bbox 342 2979 387 3035; x_wconf 89' lang='lat' dir='ltr'>ria</span> <span class='ocrx_word' id='word_1_152' title='bbox 399 2976 514 3034; x_wconf 91' lang='lat' dir='ltr'>dirutas</span> <span class='ocrx_word' id='word_1_153' title='bbox 529 2975 768 3047; x_wconf 78' lang='lat' dir='ltr'>reaedificandas,</span> <span class='ocrx_word' id='word_1_154' title='bbox 784 2975 863 3033; x_wconf 89' lang='lat' dir='ltr'>inter</span> <span class='ocrx_word' id='word_1_155' title='bbox 876 2975 949 3032; x_wconf 86' lang='lat' dir='ltr'>alias</span> <span class='ocrx_word' id='word_1_156' title='bbox 961 2977 997 3032; x_wconf 92' lang='lat' dir='ltr'>D.</span> <span class='ocrx_word' id='word_1_157' title='bbox 1008 2975 1139 3033; x_wconf 82' lang='lat' dir='ltr'>Andreae</span> <span class='ocrx_word' id='word_1_158' title='bbox 1151 2976 1275 3045; x_wconf 89' lang='lat' dir='ltr'>dicatas,</span> <span class='ocrx_word' id='word_1_159' title='bbox 1288 2993 1376 3033; x_wconf 91' lang='lat' dir='ltr'>cura-</span> 
     </span>
     <span class='ocr_line' id='line_1_24' title="bbox 341 3070 1378 3147; baseline -0.001 -17"><span class='ocrx_word' id='word_1_160' title='bbox 341 3073 394 3130; x_wconf 86' lang='lat' dir='ltr'>vit.</span> <span class='ocrx_word' id='word_1_161' title='bbox 415 3073 495 3129; x_wconf 91' lang='lat' dir='ltr'>Dum</span> <span class='ocrx_word' id='word_1_162' title='bbox 509 3072 590 3130; x_wconf 90' lang='lat' dir='ltr'>enim</span> <span class='ocrx_word' id='word_1_163' title='bbox 604 3073 719 3147; x_wconf 90' lang='lat' dir='ltr'>templo</span> <span class='ocrx_word' id='word_1_164' title='bbox 731 3072 887 3130; x_wconf 90' lang='lat' dir='ltr'>moliendo</span> <span class='ocrx_word' id='word_1_165' title='bbox 902 3088 1026 3147; x_wconf 85' lang='lat' dir='ltr'>operam</span> <span class='ocrx_word' id='word_1_166' title='bbox 1040 3072 1135 3144; x_wconf 87' lang='lat' dir='ltr'>daret,</span> <span class='ocrx_word' id='word_1_167' title='bbox 1151 3070 1183 3127; x_wconf 92' lang='lat' dir='ltr'>in</span> <span class='ocrx_word' id='word_1_168' title='bbox 1196 3070 1320 3136; x_wconf 86' lang='lat' dir='ltr'>tribuna</span> <span class='ocrx_word' id='word_1_169' title='bbox 1334 3073 1378 3145; x_wconf 82' lang='lat' dir='ltr'>(ut</span> 
     </span>
     <span class='ocr_line' id='line_1_25' title="bbox 341 3167 1377 3244; baseline 0.002 -18"><span class='ocrx_word' id='word_1_170' title='bbox 341 3172 462 3242; x_wconf 86' lang='lat' dir='ltr'>vocant)</span> <span class='ocrx_word' id='word_1_171' title='bbox 484 3169 587 3226; x_wconf 88' lang='lat' dir='ltr'>altaris</span> <span class='ocrx_word' id='word_1_172' title='bbox 610 3169 733 3244; x_wconf 89' lang='lat' dir='ltr'>majoris</span> <span class='ocrx_word' id='word_1_173' title='bbox 754 3170 904 3228; x_wconf 86' lang='lat' dir='ltr'>inclusam</span> <span class='ocrx_word' id='word_1_174' title='bbox 928 3167 1044 3226; x_wconf 88' lang='lat' dir='ltr'>invenit</span> <span class='ocrx_word' id='word_1_175' title='bbox 1069 3185 1208 3225; x_wconf 74' lang='lat' dir='ltr'>rancura</span> <span class='ocrx_word' id='word_1_176' title='bbox 1235 3169 1377 3242; x_wconf 81' lang='lat' dir='ltr'>Lounrnr,</span> 
     </span>
     <span class='ocr_line' id='line_1_26' title="bbox 342 3267 1377 3343; baseline -0.003 -17"><span class='ocrx_word' id='word_1_177' title='bbox 342 3287 402 3342; x_wconf 88' lang='lat' dir='ltr'>qua</span> <span class='ocrx_word' id='word_1_178' title='bbox 412 3286 599 3343; x_wconf 88' lang='lat' dir='ltr'>percussum</span> <span class='ocrx_word' id='word_1_179' title='bbox 614 3282 659 3328; x_wconf 89' lang='lat' dir='ltr'>est</span> <span class='ocrx_word' id='word_1_180' title='bbox 673 3269 787 3328; x_wconf 89' lang='lat' dir='ltr'>Christi</span> <span class='ocrx_word' id='word_1_181' title='bbox 802 3271 891 3328; x_wconf 90' lang='lat' dir='ltr'>Dom.</span> <span class='ocrx_word' id='word_1_182' title='bbox 914 3269 1005 3340; x_wconf 89' lang='lat' dir='ltr'>latus,</span> <span class='ocrx_word' id='word_1_183' title='bbox 1028 3268 1164 3343; x_wconf 86' lang='lat' dir='ltr'>aliasque</span> <span class='ocrx_word' id='word_1_184' title='bbox 1184 3285 1286 3326; x_wconf 89' lang='lat' dir='ltr'>sacras</span> <span class='ocrx_word' id='word_1_185' title='bbox 1306 3267 1377 3326; x_wconf 84' lang='lat' dir='ltr'>reli-</span> 
     </span>
     <span class='ocr_line' id='line_1_27' title="bbox 341 3365 1376 3440; baseline -0.002 -17"><span class='ocrx_word' id='word_1_186' title='bbox 341 3367 440 3440; x_wconf 87' lang='lat' dir='ltr'>quias,</span> <span class='ocrx_word' id='word_1_187' title='bbox 456 3367 529 3424; x_wconf 89' lang='lat' dir='ltr'>ibia</span> <span class='ocrx_word' id='word_1_188' title='bbox 546 3367 659 3426; x_wconf 88' lang='lat' dir='ltr'>Christi</span> <span class='ocrx_word' id='word_1_189' title='bbox 682 3368 862 3438; x_wconf 88' lang='lat' dir='ltr'>cultoribus,</span> <span class='ocrx_word' id='word_1_190' title='bbox 879 3381 961 3426; x_wconf 86' lang='lat' dir='ltr'>metu</span> <span class='ocrx_word' id='word_1_191' title='bbox 982 3366 1152 3424; x_wconf 88' lang='lat' dir='ltr'>infidelium</span> <span class='ocrx_word' id='word_1_192' title='bbox 1171 3365 1376 3424; x_wconf 87' lang='lat' dir='ltr'>absconditas.</span> 
     </span>
     <span class='ocr_line' id='line_1_28' title="bbox 343 3460 1378 3538; baseline -0.002 -18"><span class='ocrx_word' id='word_1_193' title='bbox 343 3463 412 3521; x_wconf 90' lang='lat' dir='ltr'>Hoc</span> <span class='ocrx_word' id='word_1_194' title='bbox 433 3463 536 3522; x_wconf 90' lang='lat' dir='ltr'>divino</span> <span class='ocrx_word' id='word_1_195' title='bbox 562 3466 690 3523; x_wconf 83' lang='lat' dir='ltr'>Lanccae</span> <span class='ocrx_word' id='word_1_196' title='bbox 710 3465 793 3523; x_wconf 90' lang='lat' dir='ltr'>dono</span> <span class='ocrx_word' id='word_1_197' title='bbox 815 3465 938 3537; x_wconf 87' lang='lat' dir='ltr'>ditatus,</span> <span class='ocrx_word' id='word_1_198' title='bbox 961 3463 1112 3522; x_wconf 89' lang='lat' dir='ltr'>Henricus</span> <span class='ocrx_word' id='word_1_199' title='bbox 1135 3481 1225 3538; x_wconf 87' lang='lat' dir='ltr'>opern</span> <span class='ocrx_word' id='word_1_200' title='bbox 1248 3460 1378 3537; x_wconf 88' lang='lat' dir='ltr'>praebuit</span> 
     </span>
     <span class='ocr_line' id='line_1_29' title="bbox 344 3559 1377 3635; baseline -0.001 -20"><span class='ocrx_word' id='word_1_201' title='bbox 344 3559 534 3632; x_wconf 89' lang='lat' dir='ltr'>Boemundo,</span> <span class='ocrx_word' id='word_1_202' title='bbox 563 3562 707 3620; x_wconf 89' lang='lat' dir='ltr'>adversus</span> <span class='ocrx_word' id='word_1_203' title='bbox 741 3563 916 3618; x_wconf 89' lang='lat' dir='ltr'>Corbonam</span> <span class='ocrx_word' id='word_1_204' title='bbox 945 3563 1060 3618; x_wconf 90' lang='lat' dir='ltr'>Ducem</span> <span class='ocrx_word' id='word_1_205' title='bbox 1085 3562 1257 3630; x_wconf 88' lang='lat' dir='ltr'>Persarum,</span> <span class='ocrx_word' id='word_1_206' title='bbox 1286 3572 1377 3635; x_wconf 84' lang='lat' dir='ltr'>atque</span> 
     </span>
     <span class='ocr_line' id='line_1_30' title="bbox 343 3653 1377 3730; baseline -0.004 -17"><span class='ocrx_word' id='word_1_207' title='bbox 343 3657 543 3714; x_wconf 89' lang='lat' dir='ltr'>Sesandalum</span> <span class='ocrx_word' id='word_1_208' title='bbox 558 3657 655 3714; x_wconf 91' lang='lat' dir='ltr'>filium</span> <span class='ocrx_word' id='word_1_209' title='bbox 674 3658 753 3730; x_wconf 89' lang='lat' dir='ltr'>regis</span> <span class='ocrx_word' id='word_1_210' title='bbox 773 3657 922 3728; x_wconf 86' lang='lat' dir='ltr'>Cassiani,</span> <span class='ocrx_word' id='word_1_211' title='bbox 939 3657 991 3730; x_wconf 91' lang='lat' dir='ltr'>qui</span> <span class='ocrx_word' id='word_1_212' title='bbox 1014 3675 1083 3713; x_wconf 93' lang='lat' dir='ltr'>cum</span> <span class='ocrx_word' id='word_1_213' title='bbox 1106 3674 1159 3712; x_wconf 90' lang='lat' dir='ltr'>too</span> <span class='ocrx_word' id='word_1_214' title='bbox 1174 3674 1213 3712; x_wconf 91' lang='lat' dir='ltr'>m.</span> <span class='ocrx_word' id='word_1_215' title='bbox 1230 3653 1377 3712; x_wconf 89' lang='lat' dir='ltr'>militibus</span> 
     </span>
     <span class='ocr_line' id='line_1_31' title="bbox 342 3751 1378 3828; baseline -0.003 -19"><span class='ocrx_word' id='word_1_216' title='bbox 342 3753 381 3809; x_wconf 92' lang='lat' dir='ltr'>ad</span> <span class='ocrx_word' id='word_1_217' title='bbox 394 3753 587 3811; x_wconf 85' lang='lat' dir='ltr'>Antiochiam</span> <span class='ocrx_word' id='word_1_218' title='bbox 602 3753 796 3828; x_wconf 89' lang='lat' dir='ltr'>repetendam</span> <span class='ocrx_word' id='word_1_219' title='bbox 814 3765 959 3810; x_wconf 89' lang='lat' dir='ltr'>venerant</span> <span class='ocrx_word' id='word_1_220' title='bbox 974 3772 982 3809; x_wconf 94' lang='lat'>:</span> <span class='ocrx_word' id='word_1_221' title='bbox 997 3753 1124 3828; x_wconf 78' lang='lat' dir='ltr'>victoria</span> <span class='ocrx_word' id='word_1_222' title='bbox 1142 3751 1253 3826; x_wconf 87' lang='lat' dir='ltr'>insigni</span> <span class='ocrx_word' id='word_1_223' title='bbox 1271 3764 1378 3809; x_wconf 87' lang='lat' dir='ltr'>contra</span> 
     </span>
     <span class='ocr_line' id='line_1_32' title="bbox 343 3850 1377 3924; baseline -0.004 -17"><span class='ocrx_word' id='word_1_224' title='bbox 343 3867 396 3908; x_wconf 88' lang='lat' dir='ltr'>eos</span> <span class='ocrx_word' id='word_1_225' title='bbox 425 3852 559 3924; x_wconf 87' lang='lat' dir='ltr'>obtenta,</span> <span class='ocrx_word' id='word_1_226' title='bbox 584 3851 802 3922; x_wconf 84' lang='lat' dir='ltr'>Castellanum,</span> <span class='ocrx_word' id='word_1_227' title='bbox 817 3851 981 3924; x_wconf 88' lang='lat' dir='ltr'>pluresque</span> <span class='ocrx_word' id='word_1_228' title='bbox 1009 3850 1147 3908; x_wconf 87' lang='lat' dir='ltr'>infideles</span> <span class='ocrx_word' id='word_1_229' title='bbox 1176 3850 1214 3907; x_wconf 88' lang='lat' dir='ltr'>ad</span> <span class='ocrx_word' id='word_1_230' title='bbox 1242 3861 1377 3905; x_wconf 89' lang='lat' dir='ltr'>sanctam</span> 
     </span>
     <span class='ocr_line' id='line_1_33' title="bbox 343 3943 1379 4019; baseline -0.004 -16"><span class='ocrx_word' id='word_1_231' title='bbox 343 3947 461 4005; x_wconf 85' lang='lat' dir='ltr'>reduxit</span> <span class='ocrx_word' id='word_1_232' title='bbox 482 3947 584 4019; x_wconf 90' lang='lat' dir='ltr'>fidem,</span> <span class='ocrx_word' id='word_1_233' title='bbox 609 3965 679 4004; x_wconf 85' lang='lat' dir='ltr'>mox</span> <span class='ocrx_word' id='word_1_234' title='bbox 707 3947 796 4004; x_wconf 91' lang='lat' dir='ltr'>simul</span> <span class='ocrx_word' id='word_1_235' title='bbox 818 3959 847 4005; x_wconf 88' lang='lat' dir='ltr'>et</span> <span class='ocrx_word' id='word_1_236' title='bbox 868 3946 1065 4004; x_wconf 74' lang='lat' dir='ltr'>boemundus</span> <span class='ocrx_word' id='word_1_237' title='bbox 1087 3947 1126 4002; x_wconf 91' lang='lat' dir='ltr'>ad</span> <span class='ocrx_word' id='word_1_238' title='bbox 1145 3943 1379 4018; x_wconf 87' lang='lat' dir='ltr'>acquisitionem</span> 
     </span>
     <span class='ocr_line' id='line_1_34' title="bbox 343 4039 1379 4118; baseline -0.004 -19"><span class='ocrx_word' id='word_1_239' title='bbox 343 4043 535 4100; x_wconf 88' lang='lat' dir='ltr'>Hierusalem</span> <span class='ocrx_word' id='word_1_240' title='bbox 548 4043 716 4116; x_wconf 88' lang='lat' dir='ltr'>evolarunt,</span> <span class='ocrx_word' id='word_1_241' title='bbox 737 4061 864 4118; x_wconf 87' lang='lat' dir='ltr'>eamque</span> <span class='ocrx_word' id='word_1_242' title='bbox 886 4060 966 4100; x_wconf 90' lang='lat' dir='ltr'>anno</span> <span class='ocrx_word' id='word_1_243' title='bbox 990 4041 1124 4114; x_wconf 86' lang='lat' dir='ltr'>rroo,15</span> <span class='ocrx_word' id='word_1_244' title='bbox 1145 4040 1228 4113; x_wconf 90' lang='lat' dir='ltr'>Julii,</span> <span class='ocrx_word' id='word_1_245' title='bbox 1251 4039 1379 4097; x_wconf 86' lang='lat' dir='ltr'>feliciter</span> 
     </span>
     <span class='ocr_line' id='line_1_35' title="bbox 343 4135 1377 4213; baseline -0.001 -20"><span class='ocrx_word' id='word_1_246' title='bbox 343 4137 443 4211; x_wconf 87' lang='lat' dir='ltr'>adepti</span> <span class='ocrx_word' id='word_1_247' title='bbox 459 4139 600 4211; x_wconf 90' lang='lat' dir='ltr'>sunt,ubi</span> <span class='ocrx_word' id='word_1_248' title='bbox 616 4139 681 4213; x_wconf 86' lang='lat' dir='ltr'>ejus</span> <span class='ocrx_word' id='word_1_249' title='bbox 697 4138 906 4196; x_wconf 88' lang='lat' dir='ltr'>Patriarcham</span> <span class='ocrx_word' id='word_1_250' title='bbox 921 4137 1115 4211; x_wconf 85' lang='lat' dir='ltr'>Arnulphum</span> <span class='ocrx_word' id='word_1_251' title='bbox 1128 4135 1377 4209; x_wconf 88' lang='lat' dir='ltr'>Henricus,.epis·</span> 
     </span>
    </p>
   </div>
   <div class='ocr_carea' id='block_1_6' title="bbox 0 0 1668 5060">
    <p class='ocr_par' dir='ltr' id='par_1_6' title="bbox 0 0 1668 5060">
     <span class='ocr_line' id='line_1_36' title="bbox 0 0 1668 5060; baseline 0 0"><span class='ocrx_word' id='word_1_252' title='bbox 0 0 1668 5060; x_wconf 95' lang='lat' dir='ltr'> </span> 
     </span>
    </p>
   </div>
  </div>
 </body>
</html>
