3290 5066
538 472 581 518 11
603 471 727 518 sl1n111
746 471 927 518 counonnn
1182 449 1243 520 381

217 589 1250 620 ff——J-——ffi—

256 709 308 772 En
322 706 408 770 voici
424 706 454 768 la
469 706 542 768 liste
561 724 568 767 ε

311 2287 338 2326 1.
359 2270 403 2326 De
418 2268 598 2326 vestimento
613 2280 716 2324 sancte
731 2267 837 2324 Mario.

310 2385 339 2425 2.
358 2368 402 2423 De
415 2366 532 2441 capillis
548 2377 650 2422 sancte
666 2365 773 2420 Mario.

309 2463 339 2524 3.
358 2466 402 2520 De
416 2463 564 2520 arundine
579 2481 638 2537 qua
654 2479 756 2519 cesum
769 2473 813 2518 est
826 2474 917 2536 caput
931 2461 1063 2517 Domini.

307 2579 339 2631 4.
359 2561 403 2617 De
415 2560 537 2618 sudario
552 2559 654 2616 Cristi.

311 2659 339 2716 5.
360 2659 403 2714 De
418 2658 521 2714 tunica
534 2657 636 2714 Cristi.

308 2755 338 2812 6.
359 2755 403 2810 De
417 2754 508 2828 peplo
524 2767 626 2810 sancte
639 2751 744 2809 Mario.

308 2871 339 2926 7.
357 2852 401 2908 De
416 2851 566 2908 cinctorio
582 2865 685 2908 sancte
701 2849 809 2906 Mario.
878 2893 882 2901 .

308 2949 339 3004 8.
359 2949 403 3005 De
417 2948 541 3004 camisia
554 2947 647 3003 rubea
659 2965 750 3020 quam
764 2945 911 3002 Dominus
922 2945 1027 3002 habuit
1041 2945 1071 3002 in
1084 2963 1183 3003 cruce.

308 3067 338 3122 9.
357 3049 401 3104 De
412 3047 516 3121 caligis
533 3047 665 3103 Domini.

294 3163 336 3202 10.
355 3147 399 3202 Dc
415 3145 527 3220 Spinea
542 3145 662 3201 Corona
678 3143 811 3199 Domini.

293 3261 337 3300 11.
354 3243 398 3299 De
410 3242 591 3300 vestimento
608 3240 731 3298 Domini
746 3240 830 3313 quod
849 3238 957 3295 habuit
974 3238 1005 3293 in
1020 3238 1128 3294 Cruce.

294 3356 336 3394 η.
354 3339 398 3396 De
412 3351 490 3396 testa
503 3351 532 3395 et
545 3337 662 3412 capillis
677 3355 700 3393 ε.
716 3335 864 3394 Johannis
882 3334 1034 3408 Baptistae.

295 3435 338 3492 13.
352 3438 396 3493 De
415 3449 520 3493 sancto
537 3434 681 3492 Martino.

295 3551 338 3603 14.
356 3535 399 3590 De
415 3533 505 3608 peplo
517 3546 619 3590 sancte
635 3531 742 3590 Mario.

296 3631 338 3685 15.
354 3631 398 3686 De
413 3630 518 3687 lancea
531 3630 664 3687 Domini.

296 3729 338 3783 16.
357 3729 400 3784 De
415 3727 524 3801 pannis
539 3727 672 3784 Domini.

295 3841 338 3897 17.
354 3824 398 3880 Dc
414 3839 520 3881 sancto
541 3824 693 3897 Philippo.

296 3921 338 3976 18.
356 3921 400 3977 Dc
412 3935 516 3978 sancto
530 3920 671 3995 Georgio.

294 4037 337 4090 19.
354 4019 398 4074 De
412 4031 518 4074 sancto
533 4017 677 4074 Antonio.

294 4133 341 4171 20.
359 4117 402 4172 De
418 4129 523 4172 sancto
540 4115 705 4188 Stephano.

294 4229 340 4267 21.
357 4214 401 4269 De
417 4230 506 4269 cruce
519 4211 610 4268 Ladri
624 4211 808 4268 confitentis.
