3290 5066
557 481 599 527 m
622 478 745 526 samm
768 476 951 524 courouun
1206 451 1272 520 365

242 733 326 774 ronae
342 715 465 773 Domini
479 714 584 772 Nostri
605 695 678 772 lesu
702 712 826 784 Christi,
849 712 971 787 acujus
993 706 1116 768 dextera
1136 711 1222 767 adest
1237 709 1275 766 de

241 813 324 889 ligno
336 815 449 872 SSmae
465 813 583 885 Crucis,
599 830 616 868 a
632 811 754 870 sinistra
766 829 839 870 vero
853 811 891 868 de
907 809 1042 886 Spongia
1055 807 1177 865 Domini
1193 809 1274 864 Nos·

241 911 293 970 tri.
313 913 389 982 Quae
404 928 478 967 crux
492 908 549 967 fuit
559 907 696 982 exposita
711 908 742 964 in
756 925 867 982 magno
882 907 968 965 altari
985 908 1003 965 ¹.
1022 927 1034 959 a

283 1096 499 1158 L’inventaire
521 1095 565 1156 du
593 1094 633 1156 28
663 1094 835 1156 decembre
860 1093 953 1175 1481,
979 1091 1077 1181 relate
1096 1091 1201 1174 parmi
1227 1091 1275 1154 les

242 1203 383 1284 reliques
405 1203 449 1263 du
465 1201 612 1262 Tresor:

278 1408 291 1438 a
309 1387 376 1444 Une
391 1385 464 1443 dent
477 1385 515 1442 de
529 1383 608 1441 saint
624 1383 738 1454 Pierre,
753 1401 813 1441 une
832 1383 920 1459 epine
935 1386 972 1442 de
987 1385 1016 1442 la
1031 1385 1205 1457 Couronne,
1222 1385 1275 1443 des

241 1483 373 1557 reliques
386 1485 422 1540 de
440 1483 469 1540 la
483 1484 564 1541 vraie
575 1484 678 1554 Croix,
694 1484 730 1540 de
750 1481 779 1538 la
794 1481 910 1538 Creche
923 1481 964 1538 clu
981 1481 1127 1555 Sauveur,
1144 1500 1186 1540 un
1200 1481 1276 1556 petit

242 1597 277 1637 os
293 1581 330 1637 de
346 1580 425 1638 seint
444 1581 685 1655 Jean-Baptiste.
704 1600 721 1638 >r

283 1756 329 1820 La
339 1776 436 1840 prose
451 1743 491 1820 de
507 1756 624 1820 l'office
640 1759 679 1820 de
696 1757 781 1820 saint
797 1757 889 1836 Grat,
902 1757 1032 1820 suivant
1046 1756 1184 1819 l'ancien
1202 1755 1273 1832 rite,

241 1861 382 1924 tendrait
396 1864 414 1924 a
429 1862 508 1925 faire
523 1863 629 1926 croire
644 1883 708 1945 que
724 1863 752 1925 le
767 1863 853 1926 saint
873 1879 1025 1946 rapporta
1038 1864 1077 1925 de
1092 1863 1274 1926 Jerusalem

241 1983 272 2028 et
287 1969 326 2028 de
344 1969 461 2044 Rome,
475 1987 516 2030 en
532 1989 607 2052 771,
620 1987 684 2031 une
695 1967 798 2051 partie
810 1969 849 2030 de
863 1988 915 2030 ces
928 1969 1091 2051 reliques:

455 2155 529 2210 Post
539 2154 604 2210 haec
615 2153 705 2210 rediit
719 2155 887 2229 Augustam

384 2291 395 2314 ,
456 2250 515 2307 Ubi
535 2251 739 2308 vitamlinivit
759 2251 858 2308 istam.

456 2347 610 2422 Reliquias
628 2349 687 2406 huc
702 2349 795 2424 gessit

458 2443 503 2499 Ex
517 2463 585 2502 osse
602 2446 683 2503 Petri
701 2445 859 2520 Paulique,

454 2541 665 2600 Mandibulem
678 2543 791 2600 Christi
809 2543 963 2617 Baptistae,

382 2713 385 2718 1
456 2639 561 2713 Ibique
581 2642 757 2715 requiescit.

283 2814 325 2877 Et
341 2813 415 2896 plus
431 2815 503 2878 loin
520 2835 527 2876 ε

279 3019 291 3051 ι
306 2999 350 3055 De
362 2999 445 3073 ligno
454 3001 571 3072 Crucis,
583 3003 620 3059 de
629 3003 727 3087 capite
743 3006 823 3063 beati
836 3007 850 3062 J
854 3007 993 3078 ohannis,
1003 3009 1040 3065 de
1052 3022 1157 3066 sancto
1170 3011 1272 3080 Petro,

242 3095 279 3151 de
300 3109 406 3153 sancto
424 3096 580 3169 Stephano
597 3112 625 3157 et
650 3100 687 3157 de
707 3112 811 3158 'sancto
838 3103 985 3178 Sepulcro
1010 3121 1114 3161 secum
1137 3119 1274 3180 reporta-

242 3190 286 3247 vit
298 3191 317 3247 ².
336 3213 348 3245 u

281 3375 422 3440 Comme
439 3379 520 3440 dans
544 3393 626 3441 cette
648 3379 877 3444 enumeration
906 3383 945 3445 de
969 3385 1124 3467 reliques,
1146 3386 1169 3448 il
1193 3388 1273 3450 n'est

241 3480 332 3544 nulle
342 3499 414 3565 part
428 3484 582 3566 question
597 3487 637 3548 de
652 3485 683 3548 la
698 3486 802 3550 sainte
818 3470 937 3570 Epioe,
955 3510 1017 3552 son
1044 3491 1171 3574 origine
1187 3509 1272 3556 reste

240 3591 328 3653 donc
340 3592 358 3651 l
371 3591 556 3654 decouvrir.

279 3793 324 3855 Le
346 3793 557 3858 merveilleux
574 3797 747 3879 reliquaire
763 3798 819 3860 des
840 3799 961 3861 Dames
982 3799 1196 3882 Augustines,
1214 3803 1270 3883 qui
1285 3824 1366 3868 mm
1386 3862 1393 3892 ‚

239 3898 328 3962 vient
343 3899 370 3962 si
396 3901 646 3982 probablement
662 3906 707 3967 du
728 3905 825 3967 Mont
851 3886 1046 3982 Saint-I'iloi,
1064 3907 1143 3970 n'est
1167 3905 1271 3970 ertive
1286 3907 1367 3939 ’ΨΜ-

274 4151 299 4186 1.
318 4135 377 4186 Duc
388 4136 436 4201 (Le
450 4137 506 4188 Ch.
523 4137 618 4204 E.·P.),
635 4139 714 4194 Culte
795 4143 872 4209 nelli,
891 4141 967 4211 1896,
983 4143 1067 4209 in-80,
1081 4161 1109 4211 p.
1128 4145 1170 4213 59.

239 4222 274 4274 de
294 4222 368 4273 saint
382 4224 460 4274 Grai.
476 4226 575 4291 Tutin,
594 4230 714 4297 Artigia-
829 4247 856 4284 2.
877 4231 961 4294 ibici,
978 4248 1023 4298 pp.
1040 4231 1131 4302 58-59.
