3312 5060
365 460 428 508 120
545 460 654 508 NOTES
677 460 719 506 er
743 445 872 506 arunas
896 446 1205 519 ancuiotonrouns

358 715 449 773 quam
464 709 497 755 ut
511 709 554 770 tu,
578 695 629 772 qui
644 709 729 770 pater
744 709 773 756 et
793 709 884 772 caput
907 695 1081 755 christianae
1101 695 1254 771 religionis
1275 697 1390 771 existis,

358 796 397 854 ad
411 798 519 852 urbem
532 794 731 870 principalem
743 809 772 852 et
786 793 946 869 capitalem
961 793 1117 852 christiani
1130 793 1262 852 nominis
1276 795 1391 868 venias,

359 907 388 951 et
403 893 516 950 bellurn
538 894 621 968 quod
647 906 732 950 tuum
753 907 849 952 estex
867 907 920 951 tua
939 905 1024 968 parte
1044 891 1211 950 conficias?
1229 893 1295 951 Nos
1309 893 1390 950 eninr

357 993 475 1048 Turcos
490 1005 520 1048 et
535 1008 668 1066 paganos
689 991 938 1067 expugnavimus,
961 989 1121 1048 haereticos
1142 1003 1253 1060 autem,
1267 991 1391 1049 Graecos

358 1103 388 1148 et
409 1091 573 1160 Armenos,
605 1088 714 1164 Syros,
741 1089 957 1164 Jacobitasque
985 1105 1157 1164 expugnare
1187 1088 1389 1163 nequivimus.

359 1187 539 1245 Maudamus
552 1187 644 1262 igitur
659 1201 688 1244 et
701 1187 913 1244 remandamus
928 1186 994 1258 tibi,
1011 1185 1167 1244 carissimo
1183 1185 1260 1261 patri
1274 1199 1390 1259 nostro,

357 1296 391 1342 nt
405 1297 437 1342 tu
452 1297 537 1360 pater
556 1297 586 1341 et
604 1296 695 1358 caput
715 1285 753 1341 ad
766 1296 827 1342 tuae
842 1283 1032 1359 paternitatis
1051 1283 1152 1342 locum
1165 1283 1278 1354 venias,
1294 1284 1391 1358 etqui

358 1382 438 1440 beati
454 1381 536 1440 Petri
556 1400 587 1440 es
602 1381 744 1451 vicarius,
761 1381 792 1440 in
811 1382 955 1440 cathedra
969 1382 1034 1456 ejus
1054 1382 1160 1439 sedeas
1184 1395 1214 1439 et
1233 1399 1288 1438 nos
1310 1381 1391 1439 filios

356 1493 426 1536 tuos
450 1481 482 1540 in
496 1480 638 1538 omnibus
658 1493 738 1538 recte
757 1481 881 1554 agendis
901 1479 1078 1538 obedientes
1098 1480 1221 1549 habeas,
1242 1492 1271 1537 et
1285 1497 1391 1538 omnes

357 1576 487 1636 haereses
502 1580 720 1654 cujuscumque
743 1577 862 1654 generis
881 1578 951 1648 sint,
971 1591 1023 1636 tua
1044 1577 1222 1636 auctoritate
1243 1591 1272 1635 et
1287 1589 1391 1635 nostra

356 1675 467 1734 virtute
490 1677 626 1736 eradices
654 1689 685 1734 et
713 1676 859 1732 destruas.
887 1677 925 1732 Et
953 1674 996 1732 sic
1025 1676 1184 1732 nobiscum
1211 1674 1290 1732 viam
1316 1675 1390 1733 Jesu

357 1773 470 1832 Christi
492 1792 509 1831 a
531 1775 621 1832 nobis
641 1774 791 1849 inceptam
815 1786 845 1831 et
867 1791 884 1830 a
909 1785 938 1830 te
959 1773 1153 1848 praedicatam
1177 1785 1279 1848 portas
1299 1773 1389 1831 etiam
1450 1765 1456 1779 ’

356 1871 515 1945 utriusque
539 1871 724 1930 iherusalem
755 1871 844 1929 nobis
872 1871 989 1945 aperias
1015 1877 1045 1930 ei
1068 1873 1240 1946 sepulcrum
1267 1869 1388 1928 Domini

356 1968 496 2040 liberum,
517 1981 607 2044 atque
626 1968 824 2027 christianum
839 1987 950 2027 nomen
965 1987 1056 2043 super
1074 1987 1165 2026 omne
1183 1987 1293 2027 nomen
1308 1968 1389 2026 exal-

355 2080 452 2126 tatum
470 2066 571 2124 iacias.
585 2066 617 2124 Si
628 2065 709 2123 enirn
722 2066 760 2123 nd
774 2084 830 2124 nos
845 2065 973 2138 veneris,
987 2079 1017 2124 et
1034 2066 1113 2124 viam
1127 2085 1181 2141 per
1195 2081 1224 2124 te
1239 2067 1390 2140 inceptam

355 2163 515 2222 nobiscum
530 2163 702 2239 perfeceris,
726 2176 809 2222 totus
828 2164 960 2221 mundus
983 2163 1038 2222 tihi
1055 2164 1201 2222 obediens
1216 2164 1282 2222 erit.
1300 2164 1390 2234 Quod

355 2263 419 2337 ipse
443 2277 472 2322 te
504 2261 602 2320 lacere
628 2261 719 2320 iaciat
743 2264 795 2337 qui
822 2262 904 2320 Dens
930 2261 1003 2321 vivit
1029 2275 1058 2320 et
1084 2275 1190 2338 regnat
1215 2261 1247 2320 in
1275 2261 1388 2320 saeculo

357 2361 540 2419 saeculorum
553 2361 659 2417 Amen.

465 2485 616 2554 [Pulcherii
629 2485 808 2537 Carnotensis
826 2485 954 2538 Historia
968 2485 1230 2554 Hierosolymitana,
1242 2485 1311 2536 dans
1323 2483 1390 2536 His-

418 2577 520 2630 ioriens
536 2575 718 2629 occidentaux
728 2574 776 2627 des
792 2575 947 2640 croisades,
960 2585 982 2628 t.
1000 2577 1046 2639 ΙΙΙ,
1061 2593 1088 2643 p.
1104 2574 1243 2640 350-351.]

854 2877 896 2932 14·

531 3031 593 3088 CX.
605 3063 638 3074 -
656 3031 766 3108 Incipit
781 3029 909 3088 inventio
923 3029 1048 3086 Domini
1066 3029 1202 3089 Lanceae.

391 3237 486 3313 lgitur
500 3254 594 3311 quum
619 3248 706 3309 capta
729 3247 809 3293 esset
831 3233 936 3291 civitas
959 3233 1142 3306 Antiochiae,
1158 3252 1232 3292 usus
1252 3255 1307 3295 sua
1329 3256 1386 3312 po-

354 3335 448 3394 tentia
462 3347 492 3392 et
506 3333 691 3410 benignitate
706 3333 864 3404 Dominus,
880 3350 1044 3408 pauperem
1061 3333 1222 3407 quemdam
1239 3335 1386 3394 rusticum

354 3432 453 3508 elegit,
480 3431 700 3489 Provincialem
724 3448 843 3506 genere,
866 3449 920 3506 per
943 3448 1034 3504 quem
1058 3448 1164 3488 omnes
1185 3450 1242 3490 nos
1264 3433 1385 3492 confor-

354 3531 442 3602 tavit;
463 3543 492 3588 et
506 3528 610 3586 comiti
634 3543 663 3587 et
679 3527 822 3586 Podiensi
846 3528 974 3603 epicopo
999 3528 1064 3585 haec
1087 3529 1180 3586 verba
1204 3532 1386 3591 mandavit:

354 3629 532 3700 «Andreas,
548 3627 603 3685 Dei
627 3641 656 3685 et
680 3626 804 3683 Domini
819 3625 915 3683 nostri
934 3625 1006 3683 Jesu
1026 3625 1140 3683 Christi
1156 3629 1324 3702 apostolus,
1341 3649 1388 3690 me

356 3749 368 3781 r
386 3740 492 3801 quater
504 3724 577 3781 olim
593 3722 712 3780 monuit
726 3735 756 3780 et
770 3721 857 3796 jussit
870 3735 904 3779 ut
918 3721 956 3778 ad
966 3739 1020 3778 vos
1035 3720 1179 3794 venirem,
1191 3737 1221 3782 et
1236 3726 1387 3786 Lanceam

356 3849 368 3880 r
385 3845 453 3900 quae
466 3823 630 3883 Salvatoris
645 3823 724 3882 latus
735 3823 863 3898 aperuit,
874 3837 961 3899 capta
974 3823 1106 3894 civitate,
1118 3825 1206 3883 vobis
1218 3827 1385 3884 redderem.

356 3947 368 3979 r
387 3923 487 3981 Hodie
502 3936 603 3981 autem
616 3941 711 3996 quum
724 3923 763 3980 ad
777 3940 908 3998 pugnam
930 3921 1085 3996 profectus
1100 3940 1199 3982 essem
1216 3939 1298 3984 extra
1312 3923 1386 3982 civi-

356 4043 368 4073 r
385 4034 476 4078 tatem
494 4037 563 4077 curn
585 4018 720 4094 reliquis,
736 4033 826 4093 atque
847 4017 1084 4092 comprehensus
1099 4037 1117 4076 a
1132 4022 1251 4080 duobus
1275 4021 1386 4098 equiti-

356 4139 368 4172 «
385 4118 441 4174 bus
453 4133 530 4190 pene
541 4115 707 4174 suffocatus
720 4115 751 4172 in
766 4133 902 4192 regressu
916 4115 1050 4190 inissem,
1064 4117 1150 4192 quasi
1164 4119 1310 4177 exanimis
1324 4119 1386 4176 illic

355 4239 368 4266 ιι
386 4232 476 4288 super
490 4215 622 4289 lapidem
648 4215 807 4288 quemdam
832 4213 940 4301 resedi.
958 4215 1121 4290 Quumque
1146 4235 1207 4292 prae
1229 4219 1334 4275 dolore
1356 4232 1385 4277 et
