3312 5060
421 389 483 436 rro
601 387 710 436 riorus
733 373 927 454 mutunus
950 377 1255 452 nncnfotocrouus

413 622 592 682 humilitatis
603 625 750 700 obsequio
758 629 851 702 pedes
861 628 1080 704 discipulorum
1090 627 1220 687 extersit.
1231 627 1303 685 Erat
1311 627 1442 702 denique

412 739 482 796 pars
497 724 628 796 quedam
643 726 679 783 de
694 727 784 802 peplo
802 729 1020 805 gloriosissime
1033 729 1167 806 Virginis
1186 741 1214 787 et
1229 728 1311 804 virga
1327 726 1442 802 Moysis

413 837 473 893 que
488 819 590 878 eduxit
604 839 714 896 aquam
729 825 765 882 de
780 844 856 884 vena
869 827 971 897 silicis,
990 840 1019 886 et
1033 827 1062 884 in
1084 829 1170 903 cujus
1184 827 1295 885 virtute
1310 825 1397 884 iactis
1410 824 1441 882 iu

414 922 534 997 Egypto
549 922 642 998 signis
656 937 747 998 atque
761 923 909 999 portentis
924 924 989 999 ipse
1010 925 1049 982 ad
1070 925 1210 983 ultimum
1231 924 1312 982 lilios
1329 922 1442 980 lsrahel

412 1019 494 1078 sicco
515 1021 642 1097 vestigio
667 1022 802 1080 traduxit
818 1040 872 1097 per
894 1023 1028 1080 medium
1046 1023 1118 1081 sicci
1137 1023 1228 1080 maris
1248 1024 1266 1082 ¹.
1284 1024 1349 1080 Hec
1373 1032 1442 1079 sunt

410 1118 549 1191 preciosa
564 1119 692 1194 pignora
708 1138 766 1194 que
781 1119 890 1192 adhuc,
904 1133 937 1178 ut
953 1137 1043 1196 supra
1062 1120 1176 1178 dictum
1196 1133 1251 1192 est,
1265 1119 1442 1178 Constanti·

411 1216 516 1290 nopoli
531 1231 617 1276 erant
631 1218 798 1292 recondita,
813 1219 845 1276 in
860 1236 990 1294 quorum
1011 1219 1236 1295 comparatione
1253 1218 1441 1294 quantalibet

411 1312 529 1372 vilescit
542 1317 726 1374 substancia.

447 1417 525 1473 Cum
552 1429 661 1475 cuncta
688 1418 744 1476 hec
768 1417 905 1476 sollertes
932 1417 1035 1476 nuncii
1063 1417 1105 1475 ibi
1132 1419 1169 1475 ab
1197 1417 1347 1494 indigenis
1374 1434 1441 1476 esse

319 1573 323 1580 ,
410 1512 597 1589 didicissent,
612 1529 642 1574 et
663 1516 701 1573 ad
719 1515 834 1574 dictum
855 1515 1040 1573 Balduinum
1059 1515 1273 1590 imperatorem
1287 1513 1441 1572 humiliter

410 1615 599 1686 accedentes,
629 1631 661 1670 se
684 1627 898 1688 procuratores
921 1633 955 1672 ac
984 1613 1112 1671 nuncios
1138 1614 1217 1689 regis
1240 1613 1366 1672 Francie
1387 1630 1440 1688 per

408 1725 546 1786 patentes
569 1715 634 1787 ejus
653 1713 769 1770 litteras
789 1713 967 1770 creditorias
992 1711 1206 1783 ostendissent,
1223 1725 1327 1769 mutue
1346 1710 1439 1768 dilec-

409 1809 501 1868 tionis
524 1822 554 1867 et
573 1809 775 1868 obnoxietatis
799 1809 992 1868 amminicula
1012 1810 1090 1885 regis
1114 1809 1151 1866 ad
1176 1810 1273 1885 ipsum
1294 1822 1324 1868 et
1344 1809 1439 1884 ipsius

410 1909 448 1964 nd
470 1926 571 1983 regem
591 1921 737 1983 ceperunt
761 1907 792 1965 in
809 1907 942 1965 medium
961 1908 1121 1980 deducere,
1136 1921 1169 1966 ut
1189 1925 1243 1982 per
1265 1907 1321 1964 hec
1340 1919 1438 1965 cetera

409 2025 467 2082 que
484 2007 596 2065 favoris
616 2007 811 2066 incitamenta
834 2017 958 2080 possent
973 2007 1037 2080 ejus
1055 2005 1267 2064 celsitudinem
1280 2005 1437 2078 inclinare,

409 2123 470 2180 quo
486 2105 643 2162 liberalius
662 2106 705 2164 eis
728 2105 907 2164 concederet
929 2121 987 2179 que
1002 2122 1039 2161 ex
1057 2117 1141 2178 parte
1157 2103 1235 2179 regis
1256 2105 1294 2161 ab
1316 2121 1353 2160 eo
1367 2121 1438 2177 pro-

407 2215 573 2277 posuerant
583 2205 747 2278 postulare.
761 2203 842 2273 Quid
852 2200 959 2276 plural
968 2203 1012 2260 De
1025 2201 1215 2259 sanctissimo
1229 2203 1348 2260 Lancee
1358 2201 1438 2258 ferro

409 2301 577 2375 ceterisque
593 2319 651 2375 que
667 2301 838 2376 supradicta
852 2313 922 2357 sunt
937 2299 971 2357 lit
984 2299 1115 2372 mencio,
1128 2317 1186 2374 que
1202 2312 1235 2356 ut
1249 2299 1313 2373 regi
1328 2316 1437 2356 conce-

408 2399 518 2456 dantur
532 2413 672 2473 porrecta
687 2411 731 2456 est
749 2399 874 2456 fratrum
896 2400 1018 2474 peticio.
1037 2400 1097 2456 Sed
1119 2397 1263 2472 quoniam
1278 2397 1310 2454 in
1325 2397 1438 2454 talibus

407 2513 525 2570 semper
549 2497 683 2554 cavenda
703 2509 747 2554 est
773 2496 926 2570 inprovise
941 2497 1145 2555 festinationis
1161 2494 1380 2570 impetuositas,
1401 2494 1437 2552 ed

406 2593 638 2650 deliberandum
654 2610 745 2666 super
755 2592 824 2664 hoc,
836 2606 926 2667 prout
937 2594 1092 2668 gravitatis
1104 2594 1269 2667 imperialis
1284 2593 1437 2664 intererat,

406 2689 512 2764 petivit
539 2689 686 2746 inducias.
706 2689 774 2746 Hiis
798 2689 889 2764 igitur
915 2709 973 2765 que
1002 2691 1081 2748 circa
1107 2690 1437 2766 Constantinopolitani

407 2801 516 2846 statum
538 2787 656 2862 imperii
672 2787 845 2845 acciderant
866 2787 913 2845 vel
929 2787 1066 2844 accidere
1085 2801 1225 2862 poterant
1239 2787 1438 2862 circumspec-

404 2884 454 2957 tis,
480 2885 607 2960 visoque
628 2887 779 2960 sapienter
800 2901 829 2946 et
853 2887 975 2962 cognito
995 2905 1085 2962 quam
1101 2887 1304 2945 necessarium
1319 2886 1346 2944 ei
1374 2900 1437 2945 erat

404 3001 457 3057 pre
473 2987 589 3044 cunctis
614 2987 793 3046 mortalibus
819 2985 891 3045 dicti
907 2987 984 3062 regis
1000 3005 1135 3044 amorem
1149 3000 1179 3044 et
1202 2985 1435 3044 benivolentiam

406 3082 553 3156 optinere,
582 3082 619 3139 de
648 3083 801 3140 communi
830 3101 956 3140 suorum
985 3083 1114 3141 consilio
1142 3082 1282 3158 petitioni
1311 3081 1435 3140 fratrum

403 3177 538 3253 plenarie
556 3177 710 3252 satisfecit,
726 3179 924 3255 omniumque
937 3179 1142 3254 predictarum
1157 3180 1354 3255 reliquiarum
1375 3180 1435 3238 Do-

404 3275 477 3333 mini
489 3275 734 3333 redimendarum
749 3291 849 3334 tamen
863 3295 918 3352 per
932 3276 1016 3352 ipsos
1032 3295 1050 3334 a
1064 3275 1277 3347 creditoribus,
1292 3275 1365 3350 ipsis
1379 3292 1435 3349 pro

403 3391 473 3449 rege
485 3374 644 3431 conferens
657 3372 905 3448 [proprietatem],
921 3391 972 3432 eas
981 3387 1128 3448 perpetuo
1142 3372 1341 3448 possidendas
1354 3372 1436 3430 dicto

403 3472 465 3548 regi
480 3473 631 3531 concessit
645 3473 665 3528 ².
680 3473 728 3529 Ad
752 3472 808 3530 hec
822 3473 928 3530 fratres
944 3473 1138 3548 imperatorie
1157 3472 1306 3548 majestati
1324 3469 1435 3547 gratias

403 3570 590 3645 exhibentes,
598 3587 667 3628 cum
681 3569 865 3629 exultatione
881 3570 1004 3646 spiritus
1015 3570 1169 3628 humiliter
1183 3568 1319 3627 inclinati
1335 3581 1435 3627 aucto·

437 3828 458 3864 r.
472 3811 531 3862 Fol.
549 3814 709 3880 174r⁰,c01.
726 3812 753 3863 b.
959 3813 1185 3865 redimendarum
1199 3821 1292 3864 tamen
1302 3812 1436 3879 peripsos

433 3915 458 3952 2.
474 3902 512 3953 Le
531 3903 684 3954 manuscrit
703 3901 737 3952 de
761 3901 877 3952 Charle-
958 3917 974 3952 e
992 3901 1176 3954 creditoribus
1200 3901 1268 3967 ipsis
1291 3916 1340 3967 pro
1362 3915 1435 3967 rege,

400 3991 465 4042 ville
479 4003 585 4058 permet
599 3993 633 4042 dc
646 3989 759 4042 ritablir
771 3989 841 4041 ainsi
852 3991 879 4041 la
956 3991 1110 4052 conferens,
1117 4005 1163 4042 eas
1174 4005 1223 4056 per
1232 3999 1364 4056 perpetuo
1375 4005 1435 4056 pos-

401 4079 521 4146 phrase:
538 4101 549 4126 a
566 4081 758 4147 Omniumque
772 4080 879 4146 predic·
957 4079 1082 4145 sidenda,
1095 4080 1168 4132 dicto
1181 4079 1238 4148 regi
1258 4079 1402 4131 concessit.
1421 4098 1433 4124 υ

401 4177 492 4219 tarum
511 4169 694 4236 reliquiarum
711 4169 877 4232 dominium,
