3312 5060
606 419 649 464 nn
674 417 794 464 satura
817 418 928 466 nance
1222 423 1284 491 1²7

1147 541 1283 554 —-—

251 669 374 714 sanctus
387 654 524 712 Andreas
546 653 713 728 apostolus,
734 665 897 728 antequam
922 653 1076 712 civitatem
1104 654 1286 715 intraremus

210 809 216 817 ,
250 753 354 812 dicens
379 769 387 808 :
409 773 423 806 ι
440 751 522 822 Quid
542 751 617 826 agis,
634 752 713 808 bone
738 749 832 808 viri»
854 749 911 807 Cui
930 750 982 810 ille
1003 753 1184 828 respondite
1208 758 1285 815 «Tu

161 858 164 862 ’
251 875 264 906 α
281 850 348 926 quis
363 869 395 909 es
406 851 444 908 tn
463 850 545 910 Dixit
559 849 587 907 ei
602 849 760 926 apostolus
776 867 785 906 t
802 871 815 904 r
834 849 898 925 Ego
919 868 992 908 suus
1004 852 1141 910 Andreas
1160 869 1285 930 aposto-

251 973 263 1004 α
279 950 336 1007 lus.
350 951 478 1022 Noscas,
492 947 546 1020 fili,
558 947 629 1023 quia
643 948 717 1005 dum
730 946 832 1004 villam
845 946 1039 1022 intraveritis,
1052 951 1129 1009 vade
1138 953 1177 1010 ad
1191 954 1285 1012 eccle·

249 1069 262 1112 ι,
279 1048 355 1106 siam
378 1047 459 1106 beati
476 1045 558 1104 Petri
580 1045 722 1122 apostoli,
738 1045 842 1120 ibique
857 1045 992 1104 invenies
1014 1048 1165 1107 Lanceam
1179 1050 1285 1109 Salva·

250 1146 353 1204 «toris
377 1146 473 1204 nostri
489 1146 579 1203 lhesu
591 1144 715 1217 Christi,
729 1161 766 1202 ex
787 1161 847 1218 qua
870 1144 943 1202 dum
967 1147 1113 1220 penderet
1133 1148 1165 1206 in
1185 1149 1284 1208 crucis

251 1244 427 1318 «patibulo,
448 1245 623 1302 vulneratus
638 1243 705 1301 fuit.
726 1264 739 1295 u
765 1243 840 1301 Haec
861 1243 964 1300 omnia
988 1243 1107 1304 dicente
1131 1248 1282 1322 apostolo,

248 1345 394 1402 continuo
421 1343 556 1402 recessit.
589 1345 657 1418 lpse
690 1355 790 1400 autem
818 1341 929 1400 timens
957 1345 1090 1404 revelare
1121 1347 1283 1406 consilium

248 1443 389 1518 apostoli,
408 1443 507 1502 noluit
521 1441 657 1500 indicare
677 1440 852 1498 hominibus
871 1441 993 1514 nostris,
1014 1443 1130 1504 scilicet
1148 1445 1283 1521 peregri-

248 1541 305 1598 nis.
325 1540 506 1598 AEstimabat
530 1553 631 1597 autern
658 1556 690 1595 se
714 1537 813 1595 visum
839 1538 961 1596 vidisse.
986 1541 1053 1600 Alia
1073 1548 1136 1603 vice
1159 1562 1282 1619 quoque

247 1639 329 1696 venit
351 1639 479 1696 adeum
499 1651 620 1697 sanctus
633 1636 770 1694 Andreas
794 1635 898 1694 dicens
914 1655 921 1694 ε
939 1659 951 1690 α
969 1639 1070 1709 Quare
1095 1657 1156 1696 non
1180 1639 1281 1699 dixisti

248 1737 444 1811 «peregrinis
459 1738 542 1811 quod
556 1737 611 1794 tibi
633 1735 811 1812 praecepilr
828 1738 867 1794 Et
888 1737 939 1794 ille
955 1737 1112 1812 respondit
1131 1738 1251 1795 adeum
1272 1757 1280 1796 :

248 1854 260 1886 a
279 1833 419 1906 Domine,
435 1833 503 1908 quis
525 1835 584 1892 hoc
606 1833 787 1894 crediderit?
807 1857 820 1888 υ
843 1837 877 1892 ln
899 1835 950 1893 illa
973 1854 1044 1894 vero
1067 1836 1142 1893 hora
1166 1835 1282 1912 accepit

246 1947 316 1988 eum
331 1945 453 1990 sanctus
465 1934 614 2004 Andreas,
630 1947 659 1992 et
677 1933 811 2008 portavit
825 1951 895 1992 eum
910 1933 942 1991 in
957 1934 1108 1993 civitatem
1126 1952 1222 2009 usque
1243 1935 1281 1992 ad

245 2028 347 2086 locum
358 2030 410 2086 ubi
420 2031 539 2089 Lancea
550 2045 614 2090 erat
625 2032 780 2090 recondita
792 2032 823 2089 in
836 2045 926 2090 terra.
936 2033 981 2090 Eo
992 2033 1123 2105 vidente,
1134 2032 1281 2090 abstraxit

245 2127 383 2185 Andreas
399 2130 557 2203 apostolus
570 2131 722 2188 Lanceam
736 2131 774 2188 de
789 2143 869 2188 terra
884 2144 913 2188 at
923 2130 1005 2189 misit
1020 2130 1051 2188 in
1062 2129 1202 2188 manibus
1217 2130 1280 2188 suis

245 2223 369 2281 dicens:
388 2247 399 2278 a
418 2226 492 2284 Haec
508 2241 553 2286 est
566 2230 685 2286 Lancea
699 2229 822 2286 Domini
834 2230 931 2288 nostri
945 2230 1035 2287 lhesu
1047 2229 1172 2302 Christi,
1189 2247 1280 2304 quam

246 2343 259 2374 n
276 2339 332 2397 ego
347 2321 416 2381 misi
437 2325 487 2384 hic
502 2339 532 2383 et
549 2327 640 2386 irater
654 2339 739 2384 meus
755 2329 911 2402 apostolus
926 2329 1044 2386 Petrus.
1060 2349 1073 2380 a
1086 2328 1131 2383 Eo
1146 2327 1278 2399 vidente,

245 2419 327 2478 misit
342 2438 408 2480 eam
423 2421 548 2495 ibidem,
562 2438 592 2482 et
606 2424 682 2482 dixit
696 2426 786 2483 Petro
801 2439 917 2501 postea.
934 2447 946 2480 a
965 2426 1124 2483 Revertere
1140 2425 1177 2481 ad
1193 2442 1278 2482 exer-

246 2519 406 2576 scitum.»
428 2519 485 2576 Cui
503 2520 553 2578 ille
574 2521 753 2596 respondit:
776 2543 788 2576 a
811 2521 950 2595 Domine,
976 2523 1131 2598 quomodo
1152 2540 1277 2597 possum

245 2637 257 2670 a
275 2615 329 2688 ire,
353 2635 422 2674 nam
435 2618 527 2676 Turci
550 2637 640 2694 supra
666 2637 770 2676 muros
794 2619 924 2678 civitatis
945 2636 1025 2693 sunt,
1046 2621 1098 2696 qui
1115 2636 1277 2698 postquam

244 2715 404 2773 «viderint
427 2735 485 2786 me,
509 2717 593 2774 illico
615 2715 805 2775 occidentia
832 2718 889 2774 Cui
911 2718 1068 2793 respondit
1091 2721 1276 2793 apostolus:

244 2814 357 2871 «Vade
379 2833 416 2872 ne
440 2815 559 2873 timeas.
585 2837 598 2868 a
628 2816 715 2872 Tunc
740 2817 849 2873 Petrus
869 2815 962 2890 coepit
981 2815 1062 2874 exire
1083 2817 1120 2874 de
1144 2817 1275 2891 civitate,

241 2911 413 2970 videntibus
423 2911 542 2984 Turcis,
559 2912 695 2987 nihilque
710 2913 738 2970 ei
753 2913 895 2970 dixerunt
915 2914 975 2988 [pp.
991 2917 1105 2987 70-71.]
1113 2957 1174 2974 .....

276 3012 402 3084 Thema,
419 3013 472 3084 XI,
493 3030 518 3070 c.
542 3031 580 3070 ιν.
601 3045 637 3055 -
651 3014 716 3069 Nos
738 3012 839 3087 igitur,
856 3011 967 3069 auditis
982 3011 1172 3070 sermonibus
1193 3013 1274 3072 illius

240 3109 427 3184 supradicti
453 3110 535 3168 Petri
566 3111 792 3183 Bartholomaei,
814 3110 865 3185 qui
895 3127 1014 3168 eramus
1044 3108 1076 3165 in
1101 3109 1273 3182 Antiochia,

239 3209 394 3282 quomodo
411 3210 517 3266 beatus
532 3210 668 3266 Andreas
685 3209 841 3284 apostolus
856 3207 939 3266 venit
954 3220 983 3265 et
1003 3208 1136 3265 ostendit
1151 3208 1178 3265 ei
1193 3210 1272 3266 Lan-

239 3323 323 3364 ceam
335 3305 424 3364 lhesu
435 3305 548 3365 Christi
560 3319 589 3364 et
600 3307 711 3375 locum,
724 3306 860 3381 percussi
875 3305 987 3362 fuimus
999 3303 1131 3363 maximo
1146 3305 1271 3382 gaudi03

240 3402 349 3460 deinde
364 3401 447 3460 venit
460 3405 567 3460 Petrus
584 3403 621 3460 ad
642 3401 785 3459 comitem
802 3400 905 3458 Sancti
920 3399 1032 3474 AEgidii
1055 3415 1084 3458 et
1103 3401 1179 3458 dixit
1198 3403 1225 3459 ei
1240 3417 1273 3462 ut

238 3514 376 3574 pergeret
397 3501 436 3558 ad
459 3499 619 3558 ecclesiam
635 3499 737 3558 Sancti
752 3498 834 3555 Petri
847 3497 899 3554 ubi
922 3497 1042 3554 Lancea
1057 3511 1129 3556 erat.
1148 3499 1201 3556 llle
1223 3518 1273 3557 au·

239 3599 324 3656 diens
340 3599 406 3656 haec
427 3616 497 3655 cum
516 3615 624 3672 magna
648 3597 753 3655 laetitia
772 3595 909 3671 pervenit
928 3596 966 3652 ad
985 3595 1155 3668 ecclesiam,
1171 3611 1201 3655 et
1221 3597 1272 3655 ille

240 3699 347 3756 Petrus
362 3695 496 3754 ostendit
511 3695 538 3753 ei
553 3695 654 3753 locum
670 3709 739 3753 ante
754 3695 859 3769 januas
876 3693 960 3751 chori
982 3693 1013 3750 in
1034 3694 1156 3752 dextera
1174 3709 1269 3768 parte.

240 3795 278 3852 Et
292 3796 335 3853 ibi
349 3795 492 3852 foderunt
507 3794 670 3851 duodecim
688 3792 827 3850 homines
842 3793 879 3850 de
895 3809 983 3850 mane
998 3809 1095 3866 usque
1111 3792 1149 3849 ad
1164 3809 1270 3866 vespe·

237 3912 309 3952 ram.
328 3895 421 3951 Facta
440 3907 541 3951 autern
560 3892 650 3950 nimis
668 3892 819 3967 profunda
834 3891 932 3964 fovea,
948 3891 1013 3967 ipse
1027 3893 1135 3949 Petrus
1155 3890 1270 3950 invenit

238 3994 389 4050 Lanceam
407 3990 498 4048 lhesu
513 3990 637 4064 Christi,
664 3990 742 4048 sicut
768 3993 873 4048 beatus
900 3989 1037 4046 Andreas
1065 3989 1092 4045 ei
1114 3988 1268 4062 indicavit,

237 4105 344 4166 quarto
368 4089 487 4148 decimo
510 4089 559 4146 die
579 4089 709 4146 intrante
723 4088 825 4144 lunio.
843 4088 881 4144 Et
900 4099 1081 4160 acceperunt
1096 4087 1180 4144 illam
1200 4105 1269 4145 curn

237 4209 346 4266 magno
369 4187 492 4262 gaudio,
517 4187 589 4244 «Te
604 4189 701 4244 Deum
718 4185 837 4242 laumus
858 4205 870 4236 r
893 4184 1067 4258 psallentes,
1080 4185 1268 4242 detulerunt-
