3312 5060
329 439 390 506 138
505 453 615 504 noras
640 454 681 498 ΕΤ
706 439 836 498 uruous
860 441 1167 512 nrtcrruouoorouus

948 575 1349 592 -——--—-.-.--.....-..

320 691 460 764 ecclesia,
477 691 583 764 inqua
602 689 714 745 fuerint
732 689 885 766 repositae,
900 689 966 747 fieri
983 690 1082 762 liceat,
1100 705 1129 749 et
1151 697 1360 754 extraordina-

320 793 373 850 riis
389 788 617 849 ostensionibus
634 788 821 863 hujusmodi,
840 789 943 846 debita
958 789 1137 849 exhibeatur
1159 794 1315 852 veneratio
1329 809 1360 856 et

318 890 471 964 condigna
485 887 652 946 reverentia
666 888 852 946 observetur.
919 871 920 874 Ἰ

354 994 451 1049 Porro
471 1001 505 1046 ut
523 991 563 1046 ob
578 985 786 1059 Reliquiarum
807 986 1022 1060 praedictarum
1037 989 1263 1049 venerationem
1283 1010 1356 1049 con-

317 1089 482 1147 fluentibus
507 1086 710 1162 spiritualium
734 1103 796 1142 non
818 1085 917 1144 desint
938 1104 1064 1144 munera
1088 1089 1262 1162 gratiarum,
1280 1091 1355 1162 Nos,

316 1187 472 1261 cupientes
493 1202 598 1242 omnes
618 1183 687 1240 illos
707 1183 758 1257 qui
779 1183 817 1239 ad
837 1184 895 1240 hoc
910 1184 1020 1242 devote
1037 1185 1251 1259 confluxerint,
1267 1189 1356 1261 spiri-

315 1285 445 1342 tualium
466 1283 602 1340 refovere
625 1281 802 1339 muneribus
826 1282 1002 1356 gratiarum,
1023 1301 1128 1340 omnes
1153 1284 1357 1360 indulgentias

240 1367 242 1370 ’
316 1397 345 1440 et
355 1395 551 1456 peccatorum
564 1380 769 1451 remissiones,
780 1397 835 1452 per
846 1381 999 1438 Romanos
1007 1381 1179 1455 pontifices,
1191 1385 1358 1458 praedeces·

316 1497 400 1536 sores
422 1490 553 1545 nostros,
571 1477 822 1534 interessentibus
842 1478 1007 1535 ostensioni
1022 1479 1232 1552 Reliquiarum
1251 1482 1357 1556 hujus-

316 1577 410 1649 modi,
421 1592 474 1636 aut
488 1579 520 1636 in
533 1579 639 1652 Missa,
653 1593 705 1637 aut
720 1577 847 1654 singulis
863 1580 946 1636 horis
961 1581 1118 1638 canonicis
1129 1582 1306 1640 solemniter
1319 1585 1357 1640 de

316 1675 441 1733 «Armis
452 1677 588 1736 Christi»
600 1678 631 1734 in
647 1677 707 1734 illis
719 1677 857 1752 partibus
867 1677 1022 1749 institutis,
1039 1679 1070 1735 in
1081 1681 1237 1754 provincia
1249 1682 1357 1738 Roma-

315 1791 423 1830 norum
439 1774 539 1849 Regis,
553 1791 609 1848 pro
625 1788 760 1846 tempore
776 1773 941 1843 existentis,
960 1793 1012 1832 seu
1028 1775 1102 1833 alias
1123 1779 1357 1850 quomodolibet

314 1870 461 1929 hactenus
483 1889 655 1944 concessas,
677 1871 857 1930 auctoritate
879 1872 1036 1946 praedicta,
1053 1891 1088 1928 ex
1112 1887 1193 1931 certa
1217 1875 1355 1948 scientia,

315 1965 505 2040 innovamus,
522 1983 551 2026 et
566 1969 656 2026 eti'atn
671 1970 898 2040 confirmamus,
913 1988 948 2027 ac
963 1989 1024 2045 quo
1038 1971 1076 2028 ad
1086 1971 1165 2043 illos,
1178 1973 1229 2047 qui
1247 1991 1355 2032 annuae

316 2067 484 2124 ostensioni
509 2084 543 2123 ac
564 2067 667 2124 Missae
692 2080 721 2124 et
745 2068 828 2124 horis
849 2067 1005 2124 canonicis
1021 2067 1207 2143 hujusmodi,
1224 2071 1255 2128 in
1277 2072 1356 2131 dicta

315 2165 447 2236 civitate,
468 2165 558 2222 etiam
573 2167 697 2223 absente
713 2165 795 2225 dicto
811 2167 902 2241 Rege,
914 2165 1107 2225 interfuerint
1120 2185 1189 2225 vere
1203 2170 1356 2243 poeniten-

314 2275 360 2319 tes
375 2277 405 2320 et
419 2262 563 2335 confessi,
579 2263 770 2321 extendimus
781 2281 816 2321 ac
827 2263 870 2320 eis
882 2281 1008 2339 prorsus
1024 2265 1131 2322 cedere
1146 2265 1287 2324 volumus
1302 2285 1357 2342 per

314 2374 489 2438 praesentes.
506 2361 544 2420 Et
558 2361 683 2438 insuper
698 2363 754 2420 Dei
770 2362 988 2436 omnipotentis
1013 2363 1222 2420 misericordia
1237 2377 1267 2422 et
1282 2367 1355 2423 bea-

314 2475 415 2520 torum
431 2463 513 2519 Petri
529 2475 558 2519 et
571 2463 658 2519 Pauli
672 2463 890 2536 Apostolorum
906 2463 983 2536 ejus,
995 2463 1212 2536 praedictorum
1227 2464 1357 2522 auctori-

315 2571 377 2616 tate
400 2559 520 2630 confisi,
549 2560 690 2616 omnibus
718 2576 788 2616 vere
816 2559 1038 2632 paenitentibus
1064 2573 1094 2618 et
1117 2560 1275 2634 confessis,
1304 2563 1356 2638 qui

316 2673 425 2716 annuae
441 2657 610 2715 ostensioni
626 2657 832 2730 Reliquiarum
843 2657 1030 2732 hujusmodi,
1040 2658 1142 2716 devoti
1153 2659 1355 2734 interfuerint,

316 2771 431 2832 septem
447 2774 543 2812 annos
557 2769 585 2812 et
600 2755 728 2812 totidem
743 2757 962 2830 quadragenas,
975 2756 1035 2813 illis
1048 2775 1120 2814 vero
1134 2757 1185 2830 qui
1199 2757 1230 2812 in
1242 2759 1356 2817 Nativi-

316 2873 376 2916 tate
391 2857 514 2914 Domini
531 2856 626 2913 nostri
640 2857 655 2912 J
659 2873 711 2912 esu
728 2855 840 2913 Christi
854 2870 883 2913 et
896 2857 1089 2928 Parasceves,
1106 2875 1140 2913 ac
1154 2855 1356 2912 Exaltationis

316 2967 428 3012 sanctae
444 2953 550 3010 Crucis
566 2965 595 3010 et
606 2951 780 3009 Nativitatis
794 2952 913 3009 sanctiJ
917 2953 1025 3009 oannis
1041 2953 1194 3026 baptistae,
1205 2972 1239 3010 ac
1251 2956 1356 3011 heato-

317 3069 382 3109 rum
400 3052 481 3109 Petri
502 3065 531 3109 et
551 3051 638 3108 Pauli
652 3051 870 3124 Apostolorum
891 3065 920 3108 et
938 3051 1033 3107 sancti
1053 3051 1201 3108 Johannis
1219 3053 1356 3128 Evange-

316 3153 403 3222 listae,
420 3170 454 3209 ac
469 3164 644 3208 sanctorum
658 3151 754 3206 Annae
769 3161 797 3206 et
820 3149 956 3204 lllauritii
971 3149 1198 3222 predictorum,
1216 3167 1272 3206 nec
1295 3167 1355 3206 non

316 3250 500 3309 ostensionis
521 3249 730 3322 Reliquiarum
744 3247 920 3321 hujusmodi
945 3259 974 3303 et
994 3246 1195 3304 dedicationis
1219 3248 1355 3305 ccclesiae

317 3369 369 3408 seu
383 3349 517 3423 capellae,
535 3349 566 3404 in
581 3365 640 3422 qua
653 3346 807 3420 Reliquias
820 3345 901 3418 ipsas
916 3343 1087 3402 conservari
1098 3345 1263 3419 continget,
1276 3345 1356 3402 festi-

316 3449 471 3518 vitatibus,
485 3445 645 3504 ecclesiam
661 3463 712 3501 seu
733 3444 880 3518 capellam
896 3442 1072 3516 hujusmodi
1089 3443 1198 3501 devote
1213 3444 1355 3501 visitave-

316 3547 385 3620 rint,
407 3548 533 3622 singulis
553 3547 672 3616 diebus,
689 3545 828 3602 videlicet
842 3543 1039 3602 festivitatum
1054 3543 1279 3617 praedictarum,
1296 3555 1356 3600 tres

316 3665 412 3704 annos
435 3659 465 3703 et
485 3645 612 3704 totidem
634 3644 843 3718 quadragenas
865 3643 902 3698 de
926 3640 1070 3714 injunctis
1090 3639 1133 3697 eis
1155 3639 1355 3715 poenitentiis,

316 3743 553 3802 misericorditer
567 3743 747 3798 relaxamus.

351 3845 514 3916 Caeterum,
534 3855 567 3900 ut
591 3839 705 3898 Christi
729 3838 865 3896 fidelium
886 3837 924 3894 ad
945 3835 1104 3909 praemissa
1124 3835 1356 3905 confluentium,

315 3942 433 4000 facilius
449 3942 547 3999 valeat
566 3941 736 3999 animarum
751 3936 903 4012 provideri
924 3934 1024 4004 saluti,
1041 3933 1161 3991 dilectis
1177 3933 1248 3990 filiis
1265 3935 1355 3990 Claro

316 4043 404 4099 dictae
422 4040 563 4110 civitatiS,
579 4041 772 4113 presbyteros
794 4035 922 4092 idoneos
938 4033 1090 4090 seculares
1105 4031 1168 4088 sive
1184 4031 1354 4106 religiosos,

316 4159 352 4197 ex
369 4139 476 4214 seipsis
491 4139 537 4197 vel
555 4139 632 4207 aliis,
648 4139 703 4194 sub
719 4145 910 4207 competente
933 4148 1071 4201 numero,
1091 4131 1174 4205 juxta
1198 4129 1357 4186 confluen-

316 4237 390 4294 tium
419 4235 642 4294 multitudinem
667 4233 865 4300 moderando,
895 4229 983 4286 annis
1009 4227 1135 4303 singulis
1165 4226 1295 4301 eligendi
1326 4239 1354 4283 et
