3314 5052
360 415 427 482 250
545 435 654 482 noras
678 435 720 482 ar
745 421 873 482 arunas
897 420 1204 492 nacaaoroorouns

1215 555 1389 572 „-

181 681 331 742 ,c0unm1
399 671 487 734 C'est
508 691 549 734 au
565 671 650 732 clerc
663 671 781 734 Simon
796 672 836 734 de
860 672 1044 734 Beaumont
1060 672 1079 750 ¹,
1097 687 1128 735 et
1143 691 1211 744 non
1228 673 1268 734 de
1288 671 1393 734 Beau-

236 763 301 808 ¹207·

358 778 422 839 fort
445 779 466 852 ²,
496 777 671 859 qu'Henri,
698 798 870 860 empereur
893 779 932 840 de
956 779 1243 861 Constantinople,
1267 780 1390 858 donna,

358 903 398 944 en
415 883 519 964 juillet
539 903 630 965 1207,
646 885 693 946 les
715 884 856 966 reliques
879 885 919 946 de
941 883 971 946 la
987 884 1133 967 chapelle
1151 886 1190 947 de
1207 885 1390 960 Bucoleon,

358 1010 421 1071 que
453 1011 550 1053 nous·
572 1007 767 1054 retrouvons
806 991 996 1072 e'nume‘rees
1032 993 1113 1054 dans
1142 1012 1187 1054 un
1215 995 1278 1054 tres
1313 992 1390 1054 vieil

357 1097 538 1160 inventaire
552 1099 591 1159 de
613 1098 644 1160 la
664 1097 833 1179 collegiale
849 1099 888 1160 de
906 1097 1081 1180 Courtray,
1099 1119 1173 1161 sans
1199 1101 1283 1182 date,
1306 1101 1389 1166 ainsi

357 1223 488 1283 conca:

393 1414 406 1444 a
426 1391 619 1465 Specificatio
642 1390 823 1463 perantiqua
838 1391 1046 1465 relliquiarum
1066 1393 1202 1450 ecclesiae
1222 1394 1390 1469 collegiatae

357 1513 371 1542 a
388 1490 611 1547 Curtracensis.
674 1521 677 1528 ,

394 1589 558 1662 alnparva
573 1605 664 1644 aurea
682 1605 781 1644 cruce.
799 1589 843 1644 De
856 1589 939 1663 ligno
956 1600 1067 1645 sanctae
1084 1587 1190 1644 Crucis
1207 1590 1242 1644 D.
1260 1591 1297 1646 N.
1311 1591 1338 1647 J.
1355 1590 1388 1646 C.

393 1707 406 1737 a
424 1688 458 1742 ln
471 1687 574 1743 tabula
590 1705 691 1744 aurea.
708 1689 751 1743 De
767 1687 884 1760 capillis
897 1687 1030 1756 Domini,
1047 1689 1084 1743 de
1102 1687 1185 1762 ligno
1201 1699 1303 1744 sancte
1317 1688 1391 1744 Cru-

277 1761 281 1772 ’
356 1783 400 1838 cis
414 1781 547 1852 Domini,
559 1783 596 1838 de
613 1783 773 1856 sepulchro
788 1784 922 1855 Domini,
932 1786 968 1841 de
979 1802 1112 1858 purpura
1126 1783 1302 1847 Domini,de
1315 1801 1390 1858 pan-

356 1881 403 1938 nis
419 1879 553 1937 infantiae
566 1880 698 1949 Domini,
711 1882 748 1936 de
764 1881 862 1953 lapide
878 1881 980 1954 inquo
993 1881 1141 1938 Dominus
1155 1895 1217 1938 erat
1232 1881 1389 1956 depositus

356 1979 394 2034 de
409 1995 509 2048 cruce,
531 1979 567 2034 de
583 1977 722 2051 presepio
740 1978 872 2046 Domini,
890 1980 927 2034 de
942 1979 1046 2052 spinea
1066 1998 1179 2036 corona
1196 1979 1331 2052 Domini,
1352 1981 1388 2036 de

355 2074 503 2130 arundine
520 2075 652 2144 Domini,
669 2074 705 2130 de
722 2088 803 2130 veste
821 2076 943 2130 Domini
959 2075 1025 2148 ipso
1044 2076 1178 2146 vendito,
1199 2077 1236 2132 de
1261 2075 1388 2132 sindone

355 2171 490 2244 Domini,
503 2173 540 2228 de
556 2173 708 2229 cunabulo
722 2172 854 2243 Domini,
867 2174 904 2228 de
920 2173 1020 2247 lapide
1036 2173 1302 2232 montisCalvarie.
1321 2195 1333 2226 r

394 2353 445 2414 M.
470 2353 499 2414 le
521 2351 684 2414 ¹chanoine
711 2353 782 2414 Van
809 2353 847 2412 de
873 2351 978 2428 Putte,
994 2351 1102 2432 doyen
1128 2353 1171 2412 du
1197 2351 1323 2414 district
1349 2353 1389 2412 de

354 2458 520 2530 Courtrai,
533 2479 550 2520 a
563 2459 638 2519 bien
653 2459 754 2519 voulu
773 2477 824 2518 me
840 2458 1094 2538 communiquer
1110 2458 1248 2520 l’extrait
1261 2457 1391 2520 suivant

352 2567 409 2627 des
423 2569 521 2626 Actes
540 2564 746 2645 capitulaircs
762 2565 801 2624 dc
818 2565 944 2637 N.-D.,
962 2567 1006 2625 du
1027 2585 1057 2626 11
1079 2569 1156 2627 aollt
1173 2565 1252 2626 1612
1271 2584 1278 2624 :

390 2773 402 2804 a
420 2752 498 2807 Ante
513 2750 689 2824 prandium.
712 2752 754 2806 De
772 2751 918 2823 reliquiis.
936 2751 969 2806 ln
985 2751 1090 2824 primis
1103 2770 1157 2825 per
1174 2752 1288 2809 litteras
1305 2752 1388 2808 Hen-

353 2845 409 2904 rici
424 2847 620 2920 Imperatoris
646 2848 683 2902 de
703 2849 773 2904 data
791 2865 872 2920 1207,
889 2868 958 2905 cum
977 2851 1060 2906 bulla
1078 2869 1169 2908 aurea
1189 2851 1389 2924 appendente,

353 2957 472 3005 constat
489 2944 567 3001 inter
586 2944 660 3000 alias
682 2944 824 3020 reliquias
841 2947 940 3020 ipsum
961 2947 1173 3020 imperatorem
1190 2949 1310 3005 dedisse
1325 2947 1390 3004 cui·

354 3045 423 3098 dam
439 3041 588 3116 Magistro
606 3041 723 3098 Simoni
740 3043 777 3097 de
795 3043 996 3113 Bellomonte,
1018 3043 1161 3116 reliquias
1177 3045 1213 3098 dc
1228 3044 1310 3118 ligno
1327 3045 1389 3101 Do-

353 3139 437 3196 mini.
454 3141 639 3214 Approbatae
654 3158 707 3212 per
724 3139 1019 3196 Reverendissimum
1033 3141 1111 3214 (Mgr
1127 3141 1238 3197 Michel
1253 3143 1387 3226 d’Esne)d

388 3265 403 3294 a
426 3242 501 3297 Duae
530 3238 650 3295 laminae
679 3251 828 3311 argentea·
862 3237 1018 3306 inauratae,
1047 3237 1077 3292 in
1109 3255 1236 3310 quarum
1266 3238 1389 3311 quidem

353 3359 413 3398 una
445 3339 570 3412 sculptae
596 3351 691 3406 erant,
716 3335 824 3394 litteris
849 3335 1048 3409 perantiquis,
1073 3335 1119 3392 hae
1152 3337 1387 3412 inscriptiones:

354 3441 398 3495 De
422 3437 526 3512 spinea
551 3453 664 3493 corona
683 3434 816 3504 Domini,
838 3435 874 3488 de
897 3433 1044 3489 arundine
1066 3433 1198 3503 Domini,
1213 3435 1249 3490 de
1267 3435 1389 3510 cingulo

355 3536 489 3608 Domini,
503 3539 537 3592 de
553 3547 635 3591 veste
646 3533 778 3604 Domini,
789 3533 826 3588 de
838 3532 938 3605 lapide
954 3531 1065 3588 montis
1076 3531 1234 3588 Calvariae.
1248 3534 1282 3588 ln
1298 3533 1392 3589 altera

354 3647 454 3692 autern
477 3645 562 3689 erant
584 3632 630 3687 hae
651 3629 865 3703 inscriptiones
881 3642 1041 3701 sequentes
1064 3629 1132 3684 :De
1152 3629 1234 3703 ligno
1258 3629 1391 3701 Domini,

354 3734 392 3790 de
407 3745 488 3789 veste
509 3746 661 3804 purpurea
683 3725 814 3796 Domini,
839 3726 876 3782 dc
906 3725 1023 3799 capillis
1040 3725 1171 3794 Domini,
1200 3727 1237 3783 de
1253 3727 1392 3800 sepulcro

356 3829 488 3900 Domini,
497 3830 535 3885 de
547 3825 655 3900 pannis
667 3823 800 3881 infantiae
815 3824 949 3895 Domini,
961 3825 997 3880 de
1010 3823 1111 3897 lapide
1126 3823 1157 3880 in
1170 3841 1231 3898 quo
1243 3823 1392 3881 Dominus

355 3928 473 4004 positus
487 3939 551 3984 erat
566 3927 603 3983 de
619 3942 719 3996 cruce,
733 3925 769 3981 de
785 3923 934 3998 praesepio
951 3921 1081 3980 Domini.
1102 3943 1115 3974 a

391 4133 412 4165 r.
429 4116 554 4178 Eximiae,
570 4125 588 4164 t.
601 4115 636 4176 ll,
653 4130 680 4178 p.
699 4113 741 4178 78.
914 4113 983 4162 dans
996 4112 1033 4162 les
1044 4110 1190 4175 Flandres,
1202 4125 1229 4175 p.
1240 4107 1284 4182 93.

388 4218 414 4260 t.
430 4203 592 4262 Dehaisnes,
621 4202 694 4255 Hist.
717 4199 750 4254 de
771 4199 834 4252 l’art
