3312 5060
600 439 643 484 tit
668 431 795 486 sutum
812 437 923 486 LANCE

284 674 330 730 Sit
344 673 467 730 Christo
482 671 634 746 jubilatio,

253 769 344 838 Laus,
358 768 521 843 gratiarum
537 767 627 838 actio,

806 672 968 730 Armorum
984 675 1150 744 veneratio,

805 766 850 823 Sit
865 781 969 825 nostra
984 765 1164 826 defensatio.

873 866 980 922 Amen.

554 1113 698 1188 Hymnus
717 1114 757 1172 mi
774 1116 962 1174 matutinum.

321 1238 463 1297 Paschali
476 1239 573 1314 jubilo

319 1337 429 1394 Juncta
443 1336 504 1393 sint
514 1336 634 1410 gaudit,

323 1433 361 1490 Et
375 1450 444 1489 curn
459 1433 613 1507 praeconio

321 1527 409 1584 Nova
424 1527 573 1598 solennia,

322 1625 356 1680 itt
370 1623 430 1681 hoc
443 1622 578 1697 tripudio

319 1720 386 1777 Sint
401 1721 433 1776 in
448 1719 604 1791 memoria,

247 1817 330 1874 Crux
344 1829 373 1874 et
388 1817 473 1874 Clavi
489 1829 519 1874 et
534 1817 662 1872 Lancea.

318 1967 401 2024 Crux
413 1967 495 2040 apud
509 1964 623 2022 inferos

321 2062 439 2138 Spolist
453 2073 575 2132 tartara,

317 2160 400 2218 Crux
413 2160 494 2235 apud
504 2175 632 2233 superos

319 2257 439 2318 Sanctis
454 2259 506 2315 dat
515 2256 685 2333 praemium,

319 2357 358 2416 Et
370 2374 462 2434 super
476 2358 599 2432 angelos

318 2453 513 2513 Transmittit
528 2453 703 2526 Dominum,

235 2533 389 2635 'Gaudent
401 2568 493 2626 regns
507 2549 654 2610 coelestia.
738 2549 744 2560 ‘

320 2699 432 2758 Clavus
447 2701 520 2758 dum
532 2701 638 2776 flgitur

321 2800 356 2855 iu
375 2799 431 2855 Dei
447 2798 600 2868 munibus,
666 2789 668 2794 ’

322 2897 359 2954 Et
372 2897 445 2954 dum
460 2896 637 2954 confoditur

321 2995 355 3052 ln
371 2993 464 3051 sacris
479 2993 609 3068 pedibus

876 1242 1005 1314 Corpus,
1023 1241 1067 1299 sic
1081 1242 1238 1317 frangitur,

876 1339 967 1407 Quod
982 1355 1038 1412 pto
1053 1338 1240 1410 hominibus,

806 1431 918 1506 Magna
930 1432 1100 1491 funduntur
1113 1435 1250 1492 flumina.

878 1583 998 1640 Lancea
1010 1582 1138 1642 saeviens

877 1681 912 1736 In
928 1681 983 1739 Dei
999 1699 1136 1757 corpore,

878 1777 916 1834 Et
931 1777 1002 1834 inde
1017 1777 1175 1852 proferens

875 1875 995 1948 Aquam
1007 1894 1076 1933 cum
1091 1876 1249 1951 sanguine,

877 1971 1028 2029 Mundum
1045 1972 1216 2031 sanctificat

875 2067 952 2126 Tam
968 2082 1073 2128 sancto
1092 2067 1228 2140 flumine,
1306 2132 1308 2136 ,

806 2163 921 2222 Omnes
936 2166 1081 2240 adaquas
1096 2165 1217 2224 currite.

875 2314 919 2372 Te
935 2332 1052 2372 summu
1067 2314 1170 2372 Deitas

875 2410 968 2485 Virgo
983 2410 1168 2485 magnificat,

876 2507 997 2565 Coelum
1011 2525 1081 2564 cum
1095 2507 1219 2582 Angelis

877 2603 1034 2663 Laudibus
1049 2605 1179 2674 intonat,

877 2701 1018 2759 Mirandu
1032 2702 1173 2776 genitrix,

878 2801 938 2856 Pro
953 2800 1001 2856 his
1013 2813 1043 2856 te
1056 2799 1217 2874 glorificat,

808 2897 842 2952 ln
858 2897 1043 2971 sempiterna
1059 2896 1181 2953 saecula.

891 2993 997 3049 Arnen.

603 3270 747 3345 Hymnus
765 3269 804 3326 ad
818 3267 931 3328 laudes.

286 3393 407 3449 Verbum
422 3409 568 3466 supernum
588 3391 710 3464 prodiens

251 3490 372 3548 Salvare
391 3491 475 3564 quod
489 3489 629 3564 perierat,

251 3585 353 3644 Cluvis
369 3586 466 3642 Cruce
481 3603 512 3642 se
532 3584 684 3656 muniens,

250 3681 431 3756 Complosit,
444 3683 482 3740 ad
496 3682 580 3756 quod
593 3691 726 3740 venerut.

287 3861 315 3919 Ο
325 3861 458 3937 gloriosa
474 3862 602 3932 Lancea,

249 3958 358 4017 Timor
370 3973 399 4018 et
413 3974 527 4018 tremor
542 3959 727 4032 doemonum,

251 4059 355 4132 Regna
366 4059 474 4134 pandis
490 4058 615 4126 sidereo,

252 4157 310 4212 Per
324 4156 394 4214 vitre
406 4167 518 4214 sanctae
532 4155 682 4211 meritum.

843 3392 887 3448 De
908 3391 1071 3450 Clarorum
1092 3388 1283 3464 stigmatibus

809 3488 938 3543 Emanat
949 3488 1055 3544 muudi
1069 3489 1211 3562 pretium,

810 3584 876 3640 Prae
892 3585 1011 3642 cunctis
1029 3585 1227 3656 aromatibus,

809 3680 833 3735 F
834 3693 933 3754 ragtut
947 3682 1073 3740 odorem
1087 3682 1239 3742 coelicum.

845 3859 880 3914 In
894 3859 985 3914 corde
1009 3857 1122 3916 Christi
1141 3856 1284 3932 mergitur

810 3956 916 4012 Mucro
930 3955 994 4012 sole
1010 3954 1209 4028 splendidior,

809 4052 891 4108 Fons
905 4051 990 4109 vivus
1004 4063 1076 4108 tunc
1095 4049 1239 4123 exoritur,

810 4149 902 4206 Omni
924 4149 1049 4206 dulcore
1066 4149 1195 4206 dulcior.
