3312 5060
643 557 685 602 LA
710 555 831 602 SAINTE
854 557 964 602 LANCE
1250 558 1307 605 101

790 892 817 958 5·.

690 1049 818 1104 κΕψΑλ,
851 1042 910 1103 [ω’.

347 1225 427 1285 “οσα
447 1226 500 1286 δεῖ
519 1228 801 1310 παραφυλάττειν
820 1233 860 1304 τῇ
882 1227 1014 1307 μεγάλη
1042 1235 1254 1308 Παρασκευῇ,

555 1337 609 1394 καὶ
635 1337 700 1394 ὅσα
723 1335 758 1392 έν
779 1333 860 1410 αὐτῇ
881 1335 1050 1394 τελεῖται.

328 1620 386 1636 .....
392 1575 439 1632 Καὶ
455 1575 515 1654 περί
532 1575 603 1655 ὤραν
613 1578 706 1656 τρίτην
719 1577 736 1648 ἢ
751 1577 795 1634 καὶ
808 1576 936 1656 τετάρτην
953 1583 1002 1648 τῆς
1015 1577 1098 1650 αὐτῆς
1113 1579 1216 1657 ἡμέρας
1230 1577 1316 1656 άπέρ-

285 1705 376 1762 χονιαι
395 1688 420 1743 οί
439 1685 573 1763 πατρίκιοι
596 1684 648 1742 άπὸ
663 1683 811 1748 κελεόσεως
834 1683 860 1740 ἐν
882 1688 921 1758 τῷ
939 1688 994 1757 ναῷ
1017 1692 1065 1754 τῆς
1080 1683 1172 1764 Ἀγίας
1186 1687 1314 1764 Εἰρήνης,

285 1791 368 1864 όπως,
382 1793 518 1856 τελοῦντος
542 1797 589 1849 τοῦ
611 1791 778 1871 πατριάρχου
799 1791 845 1854 τὰς
867 1791 935 1854 θείας
955 1793 1118 1870 κατηχήσεις
1135 1789 1161 1848 έν
1181 1797 1220 1865 τῷ
1244 1791 1315 1866 αιίτῷ

282 1903 348 1972 ναῷ,
364 1899 483 1980 τόχωσιν
499 1899 594 1958 ἐκεῖσε.
611 1898 707 1956 Ἰστέον
721 1896 759 1969 δέ,
774 1897 824 1969 ότι,
840 1899 864 1954 εἰ
883 1899 930 1972 μὲν
948 1897 1001 1976 πρὸ
1016 1905 1064 1968 τῆς
1081 1899 1235 1976 τριτοέκτης
1250 1899 1316 1954 ὑπο-

285 2008 390 2085 στρέψει
410 2009 424 2063 ό
448 2005 571 2083 βασιλεὺς
592 2004 644 2062 άπὸ
671 2004 833 2086 Βλαχέρνας,
860 2004 1008 2084 εἰσέρχεται
1030 2009 1137 2082 πρῶτον
1161 2003 1187 2061 έν
1208 2010 1247 2079 τῷ
1272 2006 1316 2082 βε-

286 2115 406 2193 στιαρίῳ,
422 2114 466 2169 καί
491 2108 614 2169 ἐκόάλλει
637 2112 686 2181 τήν
708 2131 737 2166 τε
764 2116 868 2189 χρυσῆν
892 2108 1022 2187 τράπεζαν
1046 2109 1111 2184 μετὰ
1136 2115 1189 2167 τῶν
1214 2111 1316 2169 λοιπῶν

285 2227 393 2302 χρυσῶν
415 2225 515 2277 σκευῶν
537 2223 590 2274 τῶν
612 2216 765 2293 μελλόντων
788 2219 1008 2296 καθυπουργῆσαι
1021 2221 1055 2292 τῇ
1076 2214 1269 2292 όιακαινησίμῳ
1290 2217 1317 2274 έν

284 2332 323 2400 τῷ
338 2323 559 2407 χρυσστρικλίνιρ,
575 2323 619 2380 καί
642 2323 689 2380 εἷθ’
706 2321 790 2386 οὕτως
804 2321 908 2378 τελοῦσι
925 2325 975 2394 τὴν
987 2323 1152 2402 τριτοέκτην,
1168 2323 1212 2379 καὶ
1233 2345 1315 2402 προσ-

285 2440 359 2492 κυνεῖ
382 2434 432 2504 τὴν
450 2433 538 2507 τιμίαν
556 2430 669 2511 λόγχην.
686 2428 803 2504 Ὁμοίως
818 2431 983 2511 είσέρχονται
1003 2431 1047 2488 καὶ
1067 2433 1093 2488 οί
1111 2432 1244 2510 πατρίκιοι
1264 2432 1315 2490 ἀπὸ

284 2539 433 2604 κελεόσεως
457 2539 523 2614 μετὰ
536 2543 584 2595 τοῦ
605 2534 805 2612 κουόουκλιίου,
821 2537 1052 2617 πρωτοςπαθόριοί
1065 2559 1094 2594 τε
1108 2537 1152 2593 καί
1167 2541 1192 2595 οί
1207 2539 1316 2596 ἐπὶτῶν

286 2648 436 2717 οίκειακῶν,
449 2647 676 2725 προσκυνήσαντες
687 2647 731 2702 καί
745 2643 819 2702 αιίτοί
831 2648 880 2715 τὴν
893 2646 982 2720 τιμίαν
995 2642 1108 2724 λόγχην,
1119 2644 1163 2701 καὶ
1179 2642 1318 2724 ὑπερευξά

287 2775 360 2828 μενοι
374 2755 420 2810 τὸν
436 2751 554 2830 βασιλέα,
571 2749 731 2832 ἐξέρχονται.
749 2753 778 2808 E}
802 2749 830 2808 δέ
847 2751 913 2828 μετὰ
925 2759 975 2824 τῆς
989 2751 1143 2830 τριτοέκτης
1158 2752 1315 2830 ὑποστρέψαι

285 2859 338 2918 άπὸ
353 2859 514 2939 Βλαχέρνας,
531 2859 568 2922 ὡς
582 2857 688 2922 τελέσας
702 2857 787 2916 ἐκεῖσε
809 2865 916 2937 πρῶτον
933 2862 982 2931 τὴν
997 2859 1159 2938 τριτοέκτην,
1174 2866 1317 2937 προσκυνεῖ

283 2968 333 3037 τὴν
357 2965 448 3042 τιμίαν
470 2964 573 3046 λόγχην
595 2963 735 3040 μετὰτῶν
757 2964 880 3044 ἀνωτέρω
906 2965 1055 3044 είρημένων
1070 2966 1146 3040 έντῷ
1161 2965 1256 3045 Φάρῳ,
1272 2966 1316 3022 καὶ

285 3073 334 3130 εἶθ’
358 3071 443 3136 οὕτως
461 3073 610 3153 εἰσέρχεται
628 3071 654 3128 έν
673 3077 713 3145 τῷ
730 3072 881 3150 βεστιαρίιρ,
907 3074 949 3129 καί
972 3069 1095 3130 έκὸάλλει
1115 3074 1148 3130 τὰ
1169 3074 1262 3145 σκεύη,
1278 3074 1316 3136 ὡς

284 3178 478 3259 προείρηται...

380 3308 565 3374 [Constantini
579 3308 808 3374 Porphyrogeniti
822 3308 865 3360 De
881 3309 1047 3361 Ceremonffs
1060 3311 1132 3362 auloe
1140 3309 1314 3378 Βγγακιίκα,

346 3397 394 3448 lib.
411 3397 431 3462 1,
446 3413 469 3449 c.
485 3413 574 3462 xxm,
590 3411 633 3464 ap.
648 3399 757 3450 Patrol.
773 3412 870 3463 grac„
881 3407 899 3448 t.
912 3397 994 3463 cxll,
1007 3401 1059 3450 col.
1071 3399 1208 3464 421-423.]

781 3674 808 3728 6.

319 3821 458 3892 Qualiter
482 3839 579 3897 ycona
603 3822 751 3896 acquisita
766 3823 898 3883 fuerat...
920 3824 1110 3898 [Morcuflus]
1126 3824 1251 3882 nimium
1271 3825 1315 3882 ira

282 3933 455 3978 commotus
469 3918 604 3994 precepit
624 3919 697 3991 suis,
712 3933 745 3977 ut
769 3933 967 3995 preparentur
982 3922 1019 3979 ad
1035 3923 1103 3979 illos
1119 3922 1170 3997 qui
1183 3935 1315 3979 castrum

283 4018 490 4094 spoliaverant
517 4017 754 4092 persequendos,
781 4032 810 4076 et
838 4037 906 4076 curn
934 4019 1000 4093 ipso
1026 4019 1117 4076 etiam
1144 4019 1314 4094 patriarcha

283 4117 435 4190 Sampson
451 4132 519 4172 cum
534 4132 632 4188 ycona
643 4115 768 4172 veniret.
781 4117 815 4172 ln
830 4117 886 4172 hac
900 4115 1077 4173 mirabiliter
1090 4116 1254 4174 fabrefacta
1269 4129 1314 4173 est

282 4213 426 4287 majestas
440 4211 562 4269 Domini
578 4225 607 4270 et
626 4211 725 4288 imago
741 4213 828 4270 beate
843 4212 947 4270 Mariae
969 4226 998 4271 et
1016 4213 1224 4286 apostolorum
1244 4231 1312 4270 cum

284 4309 422 4384 reliquiis
438 4311 469 4368 in
482 4327 517 4368 ea
532 4310 684 4386 repositis.
698 4309 743 4368 Ibi
758 4325 803 4370 est
820 4311 905 4382 dens,
921 4327 1010 4384 quem
1027 4311 1056 4368 in
1072 4310 1199 4386 pueritia
1214 4324 1312 4368 muta-
