3312 5060
601 465 644 511 LA
668 463 790 511 SAlNTE
814 465 924 511 LANCE

741 839 784 896 15.

457 989 492 1047 C.
510 991 548 1047 ll.
563 1021 599 1036 ·-
613 990 660 1047 De
682 989 795 1048 visione
812 989 909 1047 saneti
926 989 1063 1048 Andreae.

282 1221 320 1279 Et
344 1234 376 1279 ut
400 1222 503 1280 divina
526 1220 657 1294 bonitas,
680 1222 761 1279 bona
789 1219 878 1278 bonis
906 1219 1121 1294 accumularet,
1144 1240 1278 1299 suosque

246 1320 389 1393 lugubres
413 1337 517 1377 servos
536 1319 631 1394 magis
655 1319 810 1393 magisque
834 1317 1011 1391 laetificaret,
1038 1318 1124 1378 affuit
1147 1319 1189 1378 ibi
1209 1320 1277 1394 qui-

246 1418 316 1475 dam
327 1417 514 1493 peregrinus,
532 1417 655 1475 nomine
672 1419 790 1489 Petrus,
806 1417 902 1492 quiet
918 1417 996 1474 hanc
1010 1417 1158 1476 visionem
1175 1417 1277 1477 retulit

246 1534 349 1575 coram
368 1519 532 1576 omnibus:
549 1541 562 1573 r
578 1519 699 1590 Audite,
715 1519 846 1594 populus
864 1519 985 1576 Domini
1007 1532 1036 1577 et
1058 1519 1136 1577 servi
1151 1517 1207 1575 Dei
1226 1535 1277 1574 ex-

247 1616 361 1688 «celsi,
386 1635 490 1674 vocem
511 1635 619 1690 meam,
644 1631 673 1675 et
699 1617 891 1675 sermonibus
916 1617 991 1674 meis
1010 1617 1153 1676 inclinate
1174 1634 1277 1675 aurem

247 1727 415 1798 «vestram.
432 1715 510 1771 Dum
527 1715 557 1772 in
573 1714 733 1772 obsidione
753 1715 843 1790 hujus
858 1715 987 1773 civitatis
999 1733 1129 1788 eramus,
1146 1717 1277 1791 quadam
1337 1721 1340 1728 ’

247 1824 366 1868 «nocte
385 1811 501 1869 adstitit
522 1812 595 1869 mihi
615 1813 646 1870 in
667 1813 784 1871 visione
807 1826 929 1871 sanctus
949 1815 1085 1871 Andreas
1108 1815 1276 1890 apostolus,

247 1929 260 1960 ι
276 1907 401 1966 dicens:
420 1930 432 1962 r
450 1909 535 1967 Bone
550 1909 605 1980 vir,
621 1911 692 1968 audi
708 1925 737 1970 et
751 1909 885 1985 intellige
901 1928 960 1969 me.
978 1933 990 1964 a
1009 1912 1047 1969 Et
1063 1911 1111 1968 aio
1128 1912 1165 1969 ad
1181 1929 1274 1969 eum:

247 2027 260 2058 a
275 2006 322 2063 Tu
338 2005 407 2080 quis
422 2024 464 2079 es,
477 2007 650 2066 Dominelo
666 2009 704 2067 Et
723 2009 774 2066 ille
794 2026 801 2066 :
820 2031 833 2063 α
858 2009 922 2084 Ego
938 2027 1006 2066 sum
1024 2010 1162 2068 Andreas
1187 2027 1277 2084 apos-

248 2127 261 2158 ιι
276 2104 366 2162 tolus.
385 2105 451 2177 Fili,
464 2124 558 2180 quum
574 2108 679 2164 urbem
693 2105 772 2165 hanc
785 2106 944 2164 intraveris
959 2120 989 2164 et
1004 2125 1070 2164 eam
1085 2107 1115 2164 in
1127 2121 1277 2182 potestate

248 2201 429 2274 «habueris,
455 2204 493 2260 ad
517 2204 676 2262 ecclesiam
704 2205 783 2263 beati
806 2204 887 2262 Petri
915 2204 1054 2263 celeriter
1082 2205 1157 2263 vade
1191 2217 1220 2263 et
1246 2205 1278 2262 in

248 2320 261 2352 r
277 2298 379 2356 locum
395 2319 485 2375 quem
508 2316 717 2360 monstravero
733 2303 800 2375 tibi,
816 2303 952 2360 invenies
969 2304 1118 2359 Lanceam
1135 2320 1194 2376 qua
1208 2319 1277 2376 per-

249 2419 262 2450 r
278 2397 408 2456 foratum
422 2399 478 2458 luit
490 2399 569 2456 latus
581 2400 747 2458 Salvatoris
761 2400 867 2458 nostri.
881 2423 893 2454 o
908 2401 983 2458 Haec
997 2413 1069 2458 tunc
1084 2400 1277 2458 solummodo

249 2497 434 2569 «apostolus
459 2497 535 2554 dixit
559 2497 643 2554 mihi.
666 2500 730 2574 Ego
752 2516 824 2555 vero
847 2511 919 2556 tunc
944 2514 1006 2554 non
1035 2513 1127 2552 ausus
1151 2495 1193 2552 lui
1219 2497 1277 2554 hoc

249 2594 368 2650 «alicui
396 2593 541 2668 indicare,
568 2595 743 2652 existimans
768 2613 815 2652 me
844 2613 952 2652 vanam
979 2593 1128 2652 visionem
1154 2593 1276 2652 vidisse.

249 2693 368 2749 «Nunc
395 2711 467 2750 vero
500 2693 557 2750 isra
591 2707 680 2750 nocte
711 2693 819 2752 iterum
852 2694 991 2768 apparuit
1024 2692 1097 2750 mihi
1131 2691 1234 2749 dicens
1269 2711 1276 2750 :

248 2791 353 2848 «Veni
377 2805 406 2849 et
427 2794 586 2850 ostendam
609 2793 664 2850 tibi
682 2793 784 2850 locum
808 2792 861 2849 ubi
890 2794 1009 2849 Lancea
1029 2789 1208 2848 abscondita
1221 2803 1276 2861 est,

246 2912 260 2940 «
276 2888 353 2947 sicut
379 2890 506 2964 promisi
533 2889 599 2949 tibi.
624 2891 746 2948 Festina
772 2890 863 2966 igitur
884 2905 917 2948 ut
942 2890 1024 2947 illam
1054 2889 1214 2946 abstrahas
1241 2887 1278 2944 de

247 2999 366 3060 «terra,
392 2987 536 3062 quoniam
556 2989 748 3062 portantibus
776 2983 841 3045 e'am
863 3002 1007 3062 sequetur
1034 2987 1170 3046 victoria.
1197 3007 1209 3039 s
1240 2987 1278 3043 Et

247 3083 411 3142 «ostendit
434 3084 506 3141 mihi
531 3099 653 3142 sanctus
682 3085 839 3160 apostolus
865 3081 979 3156 locum,
1005 3101 1094 3158 quem
1122 3083 1221 3142 venite
1249 3098 1278 3142 et

247 3201 259 3232 s
277 3179 375 3238 videte
391 3195 420 3238 et
434 3182 505 3239 inde
521 3201 588 3240 eam
604 3201 722 3241 mecum
737 3181 897 3239 extrahite.
911 3203 923 3235 u
939 3183 1103 3256 Quumque
1118 3200 1224 3240 omnes
1240 3183 1277 3240 ad

245 3277 403 3336 ecclesiam
428 3279 507 3337 beati
522 3280 603 3338 Petri
628 3265 751 3337 currere
767 3279 890 3351 vellent,
911 3278 1021 3353 adjecit
1039 3279 1138 3336 adhuc
1158 3292 1188 3336 et
1211 3279 1276 3338 ait:

247 3397 259 3426 r
277 3377 401 3435 Mandat
415 3378 502 3435 vobis
519 3391 642 3436 sanctus
655 3377 796 3435 Andrea:
814 3399 827 3431 (ι
842 3379 889 3434 Ne
907 3376 1058 3449 timeatis;
1074 3377 1127 3433 sed
1150 3375 1276 3435 confite-

247 3495 258 3525 o
276 3473 349 3531 mini
371 3488 400 3533 et
417 3476 629 3549 poenitentiam
650 3475 728 3551 agite
753 3473 877 3532 amalis
899 3474 1044 3548 operibus
1069 3473 1177 3532 vestris
1199 3493 1276 3548 quo-

246 3593 259 3623 a
276 3571 356 3628 niam
371 3573 449 3631 infra
466 3575 510 3630 .V.
526 3574 590 3631 dies
607 3592 697 3650 super
713 3573 843 3631 inimicis
862 3573 969 3630 vestris
984 3572 1093 3629 iterum
1106 3571 1275 3648 triumpha-

247 3690 258 3721 α
277 3669 355 3728 bitis.
376 3693 389 3725 s
409 3673 496 3729 Tunc
516 3691 621 3730 omnes
637 3671 820 3729 unanimiter
839 3670 1085 3746 glorificaverunt
1100 3671 1208 3744 Deum,
1224 3671 1276 3745 qui

244 3765 425 3840 dignabatur
437 3769 590 3826 consolari
605 3769 727 3826 dolores
740 3768 887 3842 ipsorum.
903 3767 1011 3825 Statim
1026 3786 1097 3826 vero
1113 3787 1276 3826 concurre-

245 3875 315 3919 runt
338 3865 376 3920 ad
398 3865 557 3929 ecclesiam
581 3865 660 3923 beati
685 3863 777 3936 Petri,
798 3863 955 3938 cupientes
977 3864 1076 3922 locum
1097 3865 1200 3924 videre
1223 3866 1276 3923 ubi

245 3961 375 4020 debebat
390 3964 510 4021 Lancea
530 3963 669 4022 inveniri.
