3312 5060
364 379 426 446 136
549 397 659 444 uorrs
684 395 726 443 rr
750 380 879 442 a'ruuas
903 381 1209 451 iincuaoioorouas

356 637 475 695 Tunica
490 635 585 694 sancti
607 634 734 692 Joannis
754 631 957 706 evangelistae,
982 633 1057 689 deus
1074 649 1154 690 unus
1171 633 1251 691 beati
1270 635 1398 694 Joannis

360 736 514 811 Baptistae,
528 733 655 791 Gladius
670 732 765 794 sancti
789 730 934 802 Mauritii,
950 749 1005 788 nec
1021 748 1082 788 non
1096 731 1223 788 Gladius
1246 734 1399 808 magnifici

359 834 461 911 Caroli
481 831 684 907 imperatoris,
700 831 728 888 ei
752 829 899 906 angelica,
915 843 949 886 ut
967 829 1091 902 dicitur,
1116 848 1206 888 manu
1229 847 1399 908 porrectus,

358 913 471 990 corona
486 947 619 1006 quoque,
633 947 753 986 necnon
768 941 920 1002 sceptrum
935 940 964 984 et
977 945 1113 1012 pomum,
1128 947 1163 987 ac
1179 929 1298 1005 singula
1314 931 1401 990 indu-

359 1043 459 1088 menta
470 1027 626 1104 imperalia
640 1027 774 1100 ejusdem
788 1024 940 1099 magnifici
950 1025 1061 1096 Caroli,
1074 1025 1152 1083 intra
1163 1045 1290 1102 regnum
1302 1029 1403 1086 Bohe-

359 1129 428 1187 miae
456 1127 666 1184 consisterent.
696 1125 759 1180 Rex
783 1123 847 1196 ipse
871 1121 1069 1180 considerans
1096 1123 1251 1182 efferatam
1273 1126 1402 1184 nimium

357 1227 560 1304 plurimorum
585 1223 676 1282 etiam
704 1220 886 1296 potentium,
911 1219 983 1276 dicti
1010 1219 1104 1294 regni,
1129 1239 1210 1278 nunc
1235 1241 1251 1279 a
1277 1223 1403 1282 veritate

360 1323 527 1383 Catholicae
544 1321 626 1391 fidei,
641 1319 719 1395 proh
734 1318 834 1389 dolor,
850 1316 1048 1385 deviantium,
1064 1317 1095 1374 in
1111 1331 1214 1376 sancta
1230 1319 1403 1396 [insaniam]

362 1421 486 1478 insitam
500 1420 680 1494 plerumque
695 1415 810 1473 ibidem
821 1414 1000 1485 debachari;
1013 1433 1235 1490 recensensque
1248 1403 1403 1491 attentius,

363 1519 538 1594 quodcum
561 1531 782 1589 nonnunquam
809 1512 955 1570 anteactis
978 1513 1179 1586 temporibus,
1205 1514 1350 1590 reliquias
1375 1531 1405 1576 et

363 1616 493 1692 insignia
514 1616 581 1690 ipsa
603 1631 657 1690 per
683 1612 847 1672 nonnullos
873 1623 980 1668 contra
1004 1610 1160 1685 imperiale
1180 1612 1405 1687 beneplacitum

363 1714 492 1773 detineri
507 1713 695 1788 contigisset,
712 1726 828 1785 magnae
848 1727 903 1784 pro
916 1708 1039 1766 illorum
1057 1709 1298 1783 recuperatione,
1315 1712 1405 1769 mise-

363 1812 536 1886 rabilesque
567 1823 681 1884 strages
697 1821 727 1866 et
755 1805 911 1882 sanguInis
936 1805 1101 1883 effusiones
1126 1821 1237 1865 secutae
1265 1808 1404 1868 fuerant:

363 1909 530 1983 volensque
558 1921 703 1983 tanquam
730 1905 872 1981 princeps
897 1905 1164 1978 prudentissimus,
1190 1905 1221 1961 in
1248 1921 1407 1980 posterum

364 2000 559 2081 particularia
580 2005 754 2081 praecaveri,
771 2022 806 2061 ac
821 2005 858 2061 de
877 2002 989 2059 idoneo
1007 2003 1045 2060 ad
1059 2015 1238 2080 perpetuam
1259 2003 1406 2079 reliquia-

366 2123 432 2162 rum
458 2117 488 2162 et
511 2103 713 2179 insigniorum
736 2102 953 2178 praedictorum
975 2102 1147 2159 custodiam
1170 2101 1313 2158 babendo
1338 2103 1407 2159 loco

367 2201 525 2272 sollicitus,
546 2202 611 2274 ejus
636 2201 786 2258 inanimo
808 2200 927 2257 cunctis
947 2199 1154 2274 imperialibus
1177 2199 1353 2257 civitatibus
1376 2215 1405 2258 et

366 2299 442 2356 locis
467 2299 643 2368 Alamaniae,
666 2311 695 2356 et
718 2298 1108 2373 prosperitati,·multoque
1133 2300 1171 2356 ad
1199 2299 1268 2355 illos
1293 2299 1407 2356 directe

367 2399 490 2470 reflexu,
505 2400 627 2457 tandem
648 2399 855 2468 considerans,
873 2399 956 2471 quod
978 2397 1156 2472 imperialis,
1171 2411 1204 2456 ut
1224 2399 1289 2472 ejus
1308 2397 1408 2456 verbis

366 2511 499 2566 utamur,
515 2495 620 2552 civitas
640 2495 914 2569 Nurenbergensis,
928 2494 1160 2570 Bambergensis
1172 2495 1327 2566 dioecesis,
1344 2514 1408 2570 prae

368 2593 485 2651 caeteris
518 2593 639 2650 illarum
669 2592 801 2666 partium
830 2591 1039 2667 imperialibus
1073 2592 1259 2664 civitatibus,
1288 2593 1408 2669 oppidis

368 2705 458 2766 atque
469 2690 545 2748 locis
555 2703 675 2764 potens,
685 2690 813 2765 insignis
822 2705 851 2748 et
863 2691 990 2764 famosa,
1001 2691 1209 2749 ecclesiastico
1220 2693 1330 2749 decore
1341 2709 1411 2748 con-

368 2790 483 2863 spicua,
505 2787 685 2846 Christianae
707 2786 779 2846 fidei
795 2787 1000 2846 devotissimis
1023 2789 1113 2846 etiam
1132 2788 1292 2864 utriusque
1319 2807 1409 2847 sexus

368 2887 553 2946 zelatoribus
567 2886 762 2960 praepollens,
778 2885 809 2944 in
825 2889 964 2962 regendae
982 2887 1023 2944 rei
1039 2887 1170 2962 publicae
1184 2887 1292 2962 politia
1304 2887 1409 2962 singu-

368 2987 424 3044 lari
450 2985 612 3060 prudeutia
631 2985 705 3059 juris
732 2999 849 3056 ornata,
870 3005 906 3044 ac
935 2987 1067 3043 Domino
1092 2986 1150 3061 ipsi
1171 2985 1245 3061 Regi
1270 2986 1409 3043 exomni

369 3095 454 3158 parte
467 3084 656 3142 commodior
671 3085 822 3157 existeret,
835 3085 979 3159 reliquias
995 3098 1023 3143 et
1034 3085 1165 3161 insignia
1176 3085 1242 3160 ipsa
1254 3086 1292 3143 ad
1307 3087 1412 3144 civita-

369 3193 431 3240 tem
441 3181 569 3262 eandem
583 3200 653 3239 cum
665 3183 767 3240 debita
780 3183 975 3241 veneratione
990 3183 1187 3254 transferens,
1199 3201 1234 3241 ea
1247 3183 1361 3242 ibidem
1372 3185 1411 3242 ad

372 3278 426 3336 Dei
454 3278 576 3337 laudem
600 3293 630 3338 et
653 3281 731 3338 sacri
758 3281 900 3338 decorem
925 3281 1047 3356 Imperii
1079 3282 1254 3357 reponenda
1277 3283 1412 3357 providit

371 3391 462 3452 atque
483 3377 615 3435 decrevit
635 3391 784 3453 perpetuo
801 3380 1019 3437 conservanda.
1035 3379 1137 3449 Quare
1155 3398 1210 3455 pro
1231 3393 1317 3454 parte
1337 3379 1411 3439 dicti

372 3475 462 3550 Regis
477 3475 567 3532 nobis
586 3475 643 3533 fuit
667 3475 822 3533 humiliter
846 3475 1058 3551 supplicatum,
1075 3489 1108 3536 ut
1127 3476 1360 3536 translationem
1383 3491 1414 3536 et

302 3637 308 3650 .
372 3572 591 3647 repositionem
600 3573 775 3648 hujusmodi
786 3586 887 3648 gratas
897 3575 1020 3646 habere,
1031 3593 1157 3634 necnon
1169 3595 1260 3652 super
1270 3593 1318 3649 eo,
1330 3575 1414 3650 quod

373 3671 411 3729 de
426 3683 537 3728 caetero
552 3671 700 3746 Reliquiae
716 3685 746 3729 et
760 3670 892 3746 insignia
904 3671 968 3747 ipsa
982 3675 1019 3730 ad
1032 3675 1160 3732 eandem
1180 3675 1334 3732 civitatem
1349 3691 1411 3731 non

374 3769 502 3840 valeant,
518 3768 678 3843 providere
693 3769 730 3826 de
745 3769 931 3846 benignitate
943 3771 1112 3844 apostolica
1131 3773 1335 3849 dignaremur.

411 3867 474 3922 Nos
490 3865 582 3941 igitur
604 3878 665 3922 tam
684 3865 770 3941 pium
793 3879 916 3941 tamque
939 3867 1092 3926 laudabile
1109 3871 1198 3946 Regis
1216 3889 1294 3946 opus
1309 3869 1341 3926 ia
1360 3869 1416 3926 hac

374 3976 460 4039 parte
478 3963 643 4038 plurimum
666 3965 926 4038 commendantes,
944 3965 1119 4040 hujusmodi
1140 3967 1416 4041 supplicationibus

377 4059 523 4132 inclinati,
543 4062 773 4122 translationem
794 4076 824 4122 et
846 4064 1063 4139 repositionem
1085 4066 1269 4142 praemissas,
1289 4080 1369 4125 ratas
1386 4083 1416 4125 et

376 4171 476 4230 gratas
504 4158 661 4230 habentes,
685 4175 715 4220 et
741 4162 922 4220 auctoritate
945 4164 1113 4238 apostolica
1135 4165 1361 4236 confirmamus,
1383 4180 1415 4224 et
