3312 5060
387 447 449 516 13'2
573 465 682 512 noras
705 465 748 512 Ετ
772 451 902 512 arunas
927 452 1235 526 nncnrionoorouns

877 799 922 838 21.

857 935 941 1005 1098.

377 1111 379 1116 .
416 1060 548 1118 C.xv1n.
566 1095 599 1104 -
616 1065 696 1120 Inter
713 1063 778 1118 haec
793 1061 884 1118 etiam
905 1059 1032 1134 contigit
1046 1077 1063 1115 a
1079 1060 1212 1133 quodam
1224 1077 1315 1115 unam
1333 1059 1417 1118 inve-

381 1157 439 1213 niri
460 1158 784 1228 Lanceam‚defossam
807 1157 863 1212 sub
885 1156 1060 1230 pavimento
1081 1157 1214 1214 basilicae
1231 1157 1316 1214 Beati
1333 1157 1415 1214 Petri

381 1256 527 1330 apostoli,
548 1275 616 1331 quae
636 1257 667 1314 in
687 1256 854 1313 Antiochia
881 1273 897 1312 a
916 1254 1024 1330 priscis
1044 1255 1233 1329 temporibus
1260 1255 1416 1312 immensae

378 1353 598 1428 ‘magnitudinis
611 1369 641 1412 et
650 1373 741 1429 opere
754 1354 832 1410 miro
843 1352 990 1410 fabricata
1004 1367 1058 1424 est,
1072 1372 1199 1427 eamque
1214 1355 1251 1411 de
1267 1371 1327 1427 qua
1338 1354 1418 1412 Lon·

380 1452 468 1527 ginus
484 1453 563 1509 latus
579 1451 692 1508 Christi
711 1449 876 1526 perforavit
890 1467 957 1508 esse
978 1452 1143 1520 asserebat,
1166 1449 1312 1524 adjiciens
1333 1450 1417 1524 quod

380 1565 517 1610 asancto
531 1551 654 1608 Andrea
673 1549 813 1625 apostolo
833 1548 878 1605 iili
897 1566 952 1624 per
971 1549 1070 1607 visum
1090 1549 1256 1606 revelatum
1275 1549 1368 1622 soret;
1387 1562 1417 1606 et

379 1649 459 1707 trina
479 1652 614 1726 ejusdem
639 1649 769 1725 apostoli
789 1649 1008 1707 ammonitione
1028 1647 1191 1723 contigisse
1211 1661 1244 1705 ut
1264 1650 1417 1706 Lanceam

380 1751 422 1808 sic
451 1751 482 1808 in
510 1753 684 1827 pavimento
710 1751 863 1808 defossam
890 1749 1048 1807 inveniret.
1075 1751 1167 1818 Quod
1191 1748 1314 1825 quidem
1343 1759 1416 1804 tunc

379 1849 510 1926 gloriose
523 1862 552 1907 et
566 1847 725 1922 magnifice
741 1865 757 1904 a
771 1848 886 1922 populo
910 1847 942 1904 in
962 1847 1081 1922 signum
1105 1846 1241 1905 victoriae
1257 1857 1414 1919 acceptum

379 1961 434 2007 est.
451 1949 515 2006 Nec
531 1945 626 2004 multo
636 1957 716 2021 post,
730 1943 869 2020 praelium
885 1957 991 2002 contra
1005 1945 1110 2002 hostes
1124 1943 1202 2002 inire
1217 1961 1322 2001 omnes
1341 1960 1414 2018 pos-

377 2049 564 2108 tulaverunt.

471 2171 567 2239 [Gesta
598 2169 770 2224 Francorum
803 2168 1227 2240 Iberusaiemsexpugrtarrtium,
1255 2186 1302 2238 ap.
1330 2169 1410 2223 Hirr.

439 2267 570 2320 occident.
585 2265 634 2320 des
644 2265 800 2332 croisades,
809 2277 828 2318 t.
840 2267 886 2332 111,
899 2284 926 2334 p.
940 2267 1011 2334 502.]

860 2501 940 2558 ¹099·

411 2635 446 2692 C.
461 2654 541 2694 xxvr.
558 2667 592 2680 -
607 2636 681 2696 Orta
697 2648 742 2694 est
761 2637 852 2694 etiarn
867 2637 898 2693 in
918 2636 1080 2695 obsidione
1100 2638 1157 2694 hac
1177 2637 1316 2712 [Archas]
1336 2656 1409 2695 con-

374 2733 471 2791 tentio
486 2734 524 2791 de
537 2734 666 2806 Lancea,
683 2752 751 2808 quae
767 2733 889 2792 inventa
899 2733 996 2792 iuerat
1007 2737 1063 2792 sub
1074 2735 1248 2810 pavimento
1260 2735 1407 2804 ecclesiae,

375 2831 406 2888 in
420 2831 584 2890 Antiochia
599 2831 730 2890 civitate.
748 2831 896 2890 Dicebant
911 2833 992 2890 enirn
1012 2833 1137 2907 quidam
1156 2851 1218 2890 non
1238 2851 1303 2890 esse
1325 2833 1409 2891 illam

374 2947 434 3003 qua
458 2929 614 3005 Longinus
638 2930 717 2987 latus
740 2929 906 2989 Salvatoris
928 2945 1147 3005 penetraverat,
1169 2932 1316 3006 quoniam
1342 2949 1408 2990 eam

375 3027 672 3102 Constantinopolim
699 3028 885 3086 dimiserant.
916 3030 1027 3086 Comes
1046 3047 1118 3086 vero
1139 3029 1339 3100 Raimundus‚
1356 3029 1408 3104 qui

374 3145 440 3184 eam
456 3127 487 3185 in
500 3146 608 3203 magna
624 3129 819 3187 veneratione
830 3130 970 3200 habebat,
987 3143 1016 3186 et
1029 3129 1060 3186 in
1075 3130 1162 3204 cujus
1175 3129 1315 3187 custodia
1327 3143 1409 3186 tene-

373 3226 472 3298 batur,
487 3226 583 3301 ipsam
599 3245 665 3284 esse
678 3229 845 3289 asserebat.
864 3227 1034 3301 Episcopus
1049 3246 1121 3285 vero
1139 3227 1292 3299 Barensis,
1309 3225 1360 3301 qui
1376 3225 1408 3282 in

373 3320 565 3398 expeditione
593 3337 665 3382 tunc
691 3337 765 3396 erat,
794 3324 906 3399 aliique
927 3325 1040 3400 plures,
1057 3325 1141 3400 quod
1164 3325 1229 3398 ipsa
1246 3337 1325 3382 esset
1344 3341 1406 3380 non

373 3417 590 3493 existimantes,
606 3421 857 3496 adjudicaverunt
881 3435 915 3480 ut
938 3423 963 3478 is
987 3421 1040 3496 qui
1061 3439 1127 3479 eam
1142 3421 1298 3480 invenerat
1313 3419 1406 3478 fidem

370 3513 483 3577 faceret
495 3520 608 3594 populo
629 3519 695 3577 Dei.
713 3521 806 3578 Facto
822 3520 914 3595 igitur
927 3519 1071 3578 triduano
1090 3521 1216 3596 jejunio,
1233 3520 1406 3578 inaccensa

371 3629 453 3675 strue
474 3615 627 3692 lignorum
646 3617 786 3676 inventor
801 3620 929 3675 Lanceae
952 3619 1033 3676 ultro
1049 3636 1080 3675 se
1095 3618 1209 3692 injecit,
1230 3631 1259 3676 et
1272 3635 1326 3692 per
1345 3635 1406 3674 me-

370 3713 455 3772 dium
470 3715 600 3773 flammae
614 3715 761 3774 vibrantis
781 3735 887 3792 rogum
903 3717 1002 3775 nudus
1017 3716 1204 3791 pertransiit,
1221 3730 1250 3774 et
1265 3715 1315 3773 vix
1334 3715 1405 3772 inde

370 3815 452 3884 exiit,
473 3813 713 3888 combustusque
728 3826 787 3888 est;
804 3831 859 3872 nec
874 3827 978 3888 postea
992 3813 1165 3888 quindecim
1180 3813 1289 3871 diebus
1304 3829 1406 3886 super-

369 3911 453 3982 vixit,
474 3911 528 3969 sed
543 3911 726 3970 duodecimo
742 3912 802 3984 die,
819 3913 925 3971 dolore
941 3912 1019 3988 ignis
1036 3926 1194 3987 correptus
1213 3912 1300 3981 obiit,
1317 3909 1404 3968 etsie

369 4009 452 4068 omni
468 4027 571 4070 errore
585 4011 698 4086 ablato,
713 4013 846 4088 populus
861 4029 928 4070 eam
946 4013 1026 4073 ultra
1040 4012 1178 4071 venerari
1193 4010 1331 4070 cessavit.

463 4138 553 4203 [Ibid.,
567 4156 593 4206 p.
612 4141 683 4208 507.]
