3314 5052
377 465 445 531 204
562 465 671 512 noras
696 464 738 511 ur
762 450 891 510 arunas
915 449 1222 522 nacuuotocrouus

374 705 449 788 plus
467 702 584 767 ancien
600 703 779 766 document
802 717 913 763 connu
929 720 986 764 sur
1000 701 1031 764 la
1047 701 1230 766 Couronne
1252 702 1409 787 d'epines.

376 813 431 876 On
446 811 496 889 lit,
511 829 552 873 en
565 808 650 886 edet,
666 809 749 871 dans
763 828 809 871 un
823 807 1003 872 manuscrit
1017 810 1056 871 de
1071 805 1102 872 la
1117 809 1350 894 Bibliotheque
1366 811 1410 874 du

376 918 534 1000 Chapitre
547 918 586 980 de
602 916 786 996 Clermont,
803 915 851 978 dit
865 917 905 978 de
917 917 967 978 La
983 917 1126 997 Conone,
1143 917 1169 978 f0
1184 919 1223 981 32
1241 937 1249 980 ε

412 1152 425 1184 t
438 1129 616 1188 Memoriale
627 1127 825 1202 reliquiarum
838 1144 913 1202 quas
934 1139 1056 1186 sanctus
1067 1127 1297 1186 Austremonius
1308 1145 1412 1186 secum

375 1227 484 1286 detulit
499 1229 536 1285 ad
552 1227 659 1283 urbem
677 1226 900 1282 Arvernensem
916 1247 921 1280 :
939 1225 970 1282 in
991 1223 1107 1300 primis,
1131 1227 1168 1282 de
1188 1225 1335 1282 umbilico
1355 1226 1410 1283 filii

376 1327 440 1394 Dei,
468 1343 538 1382 cum
567 1323 702 1399 quinque
726 1323 879 1398 unguibus
902 1323 939 1380 de
959 1321 1082 1379 sinistra
1106 1340 1208 1395 manu,
1234 1323 1413 1398 prepucium

375 1423 471 1498 ipsius
486 1441 556 1480 curn
570 1422 689 1479 duabus
706 1419 861 1494 unguibus
881 1420 919 1477 de
941 1418 1063 1476 sinistra
1079 1436 1169 1476 manu
1188 1431 1217 1478 et
1240 1421 1278 1476 de
1302 1419 1413 1494 pannis

376 1520 488 1594 quibus
509 1519 566 1576 luit
589 1517 755 1589 involutus,
776 1529 805 1574 et
823 1515 1016 1573 undecimam
1038 1529 1154 1591 partem
1180 1535 1240 1591 qua
1264 1517 1321 1575 fuit
1344 1530 1413 1574 ante

375 1619 480 1676 oculos
496 1618 571 1690 ejus,
585 1634 655 1673 cum
672 1614 819 1689 sanguine
835 1613 930 1689 ipsius
945 1624 974 1670 et
990 1614 1027 1670 de
1048 1613 1150 1670 tunica
1170 1625 1199 1671 et
1220 1614 1258 1671 de
1276 1615 1370 1671 barba
1385 1625 1415 1671 et

376 1717 414 1773 de
429 1715 603 1788 capillis,'et
616 1713 653 1769 de
664 1712 829 1786 praecincto
846 1712 911 1786 ejus
926 1729 995 1768 cum
1011 1711 1158 1786 sanguine
1178 1724 1207 1768 et
1221 1723 1282 1768 tres
1297 1729 1414 1786 ungues

377 1814 442 1886 ejus
457 1830 494 1870 ex
509 1810 659 1868 recisione
674 1827 781 1866 manus
796 1810 861 1883 ejus
877 1809 1007 1867 dexterae
1023 1823 1052 1868 et
1065 1823 1182 1884 partem
1194 1809 1308 1885 spineae
1325 1827 1414 1866 coro-

378 1927 436 1979 nae,
454 1920 483 1966 et
498 1909 535 1964 de
550 1925 628 1982 pane
644 1908 734 1980 que'm
749 1906 813 1981 ipse
825 1907 990 1979 benedixit,
1005 1920 1034 1965 et
1049 1926 1086 1964 ex
1105 1907 1233 1982 spongia
1253 1909 1318 1980 ejus
1333 1907 1414 1964 etde

378 2005 518 2079 sepulcro
533 2003 629 2078 ipsius
644 2002 777 2073 Domini,
795 2016 824 2060 et
839 2021 876 2059 ex
897 2003 988 2078 virgis
1004 2004 1116 2079 quibus
1136 2023 1232 2063 coesus
1248 2005 1314 2077 luit,
1328 2017 1358 2062 et
1377 2005 1414 2062 de

378 2101 496 2176 capillis
514 2103 610 2158 beatae
626 2099 732 2157 Mariae
746 2111 817 2168 tres,
835 2112 864 2157 et
879 2101 1032 2159 brachiale
1047 2103 1123 2177 ejus,
1138 2116 1167 2161 et
1181 2105 1219 2160 de
1234 2103 1415 2160 vestimento

378 2201 474 2276 ipsius
489 2217 558 2256 cum
573 2200 660 2270 lacte,
678 2209 708 2255 et
725 2198 763 2254 de
783 2197 877 2271 pallio
891 2201 975 2272 quod
997 2201 1063 2274 ipsa
1082 2200 1161 2258 fecit.
1180 2201 1243 2258 Has
1259 2219 1329 2259 vero
1345 2200 1416 2258 reli-

379 2299 466 2374 quias
482 2297 654 2372 Stephanus
669 2295 831 2369 episcopus
846 2297 985 2356 condivit
999 2297 1031 2354 in
1047 2297 1219 2374 ymaginem
1234 2298 1339 2356 matris
1353 2298 1416 2355 Do-

379 2395 453 2454 mini
467 2395 540 2453 etin
554 2395 726 2470 ymaginem
741 2394 797 2453 filii
814 2396 889 2470 ejus.
905 2415 918 2448 ι

420 2616 513 2680 Saint
531 2617 777 2691 Austremoine,
799 2616 941 2700 premier
960 2615 1084 2698 e'veque
1103 2617 1144 2679 de
1163 2616 1347 2692 Clermont,
1369 2617 1418 2681 lut

380 2723 504 2804 envoye
519 2723 559 2784 de
575 2723 681 2786 Rome
697 2742 782 2805 pour
800 2721 1002 2804 evangeliser
1020 2723 1229 2805 l’Auvergne,
1246 2743 1287 2786 au
1305 2723 1417 2787 milieu

380 2827 424 2889 du
442 2843 489 2888 ιιι·
505 2826 602 2888 siecle
628 2827 738 2889 :mais
759 2827 790 2889 le
813 2827 994 2891 manuscrit
1013 2829 1053 2890 de
1075 2831 1125 2890 La
1151 2831 1285 2892 Conone
1306 2845 1355 2893 est
1378 2830 1418 2893 de

385 2951 479 3015 1291.
498 2930 682 3012 Lorsqu'on
704 2931 851 2995 examine
865 2932 913 2994 les
928 2932 1071 3014 reliques
1086 2932 1144 3014 qui
1159 2950 1354 3017 composent
1369 2950 1419 2998 cet

380 3051 509 3118 apport‚
526 3052 556 3098 et
571 3038 672 3119 qu'on
688 3037 734 3099 les
748 3057 902 3120 compare
924 3039 942 3100 a
961 3039 1114 3116 d'autres,
1131 3040 1171 3101 de
1187 3041 1259 3103 date
1274 3059 1417 3121 cannae,

380 3163 424 3206 on
457 3145 612 3207 demeare
640 3145 824 3209 convaincu
858 3146 993 3228 qu'elles
1024 3146 1158 3209 doivent
1186 3153 1253 3211 etre
1279 3149 1419 3210 arrivees

381 3249 563 3314 seulement
580 3253 661 3315 dans
680 3253 710 3314 le
725 3272 823 3315 cours
839 3254 896 3315 des
920 3262 963 3316 ιι·
979 3268 1009 3315 et
1024 3268 1081 3314 arn⁸
1098 3253 1223 3316 siecles.
1240 3254 1385 3317 D’abord
1396 3255 1420 3316 il

276 3353 294 3386 ·’
380 3377 445 3440 ya,
463 3377 504 3419 au
526 3354 638 3419 milieu
660 3357 705 3419 du
724 3369 783 3419 ιιι·
793 3357 902 3430 siecle,
915 3357 1091 3439 justement
1110 3377 1156 3419 un
1172 3357 1359 3440 Stephanus
1373 3357 1417 3422 Vl

381 3465 422 3526 de
443 3463 619 3541 Mercoeur,
637 3463 693 3544 qui
709 3479 756 3525 est
785 3463 907 3545 evaque
933 3465 973 3524 de
999 3462 1172 3525 Clermont
1197 3463 1418 3547 (1151-1169),
1514 3544 1517 3550 Ι

381 3569 455 3654 puis
466 3571 513 3632 les
524 3569 666 3650 reliques
676 3569 804 3651 placeas
814 3589 873 3651 par
885 3569 932 3632 lui
945 3570 1026 3633 dans
1038 3584 1118 3631 cette
1129 3568 1238 3652 vierge
1249 3588 1419 3651 curtante,

379 3677 427 3738 les
446 3674 572 3756 ongles,
588 3675 760 3752 l'ombilic,
774 3675 804 3737 le
828 3694 909 3758 sang
936 3675 980 3738 du
1007 3674 1121 3751 Christ
1144 3675 1328 3758 rappellent
1349 3683 1422 3760 pre-

381 3781 540 3845 cisement
561 3780 658 3843 celles
683 3781 798 3863 quise
822 3795 986 3862 trouvent,
1013 3800 1099 3865 pour
1122 3781 1153 3844 la
1177 3782 1338 3864 premiere
1359 3783 1423 3846 lois

381 3891 552 3969 peut-atre,
566 3887 648 3949 dans
666 3886 697 3949 le
718 3887 926 3952 Saint·Voult
948 3888 988 3950 de
1005 3887 1168 3969 Lucques,
1186 3888 1244 3970 qul
1260 3890 1364 3952 arrive
1381 3909 1422 3952 en

384 3992 478 4056 ltalie
492 4012 533 4055 en
551 3993 644 4075 1098.
664 3992 692 4055 ll
706 3992 787 4056 n'est
802 4011 860 4076 pas
871 3981 1001 4075 jusqu’a
1015 4011 1052 4055 ce
1067 4012 1148 4055 nom
1163 3993 1203 4055 de
1220 3994 1419 4077 Stephanus,

383 4098 566 4180 &galement
587 4101 680 4179 porte
701 4118 760 4180 par
781 4099 868 4162 celui
890 4097 946 4180 qui
969 4097 1005 4161 fit
1026 4099 1093 4161 don
1115 4099 1134 4160 a
1154 4098 1307 4182 Lucques
1328 4101 1369 4163 de
1390 4101 1423 4164 la

385 4206 510 4270 celebre
523 4203 660 4290 relique,
677 4203 734 4291 qui
750 4224 792 4268 ne
806 4204 901 4268 solta
918 4224 957 4268 en
974 4203 1183 4288 rapptocher.
1199 4205 1264 4270 Ces
1278 4205 1421 4286 reliques
