3312 5060
368 412 432 499 146
549 429 657 477 noras
683 427 725 475 ar
749 412 878 474 arunas
901 408 1211 479 nncndorocronas

362 537 1397 563 Μ

860 739 895 795 32

653 934 756 974 orrrcu
772 934 810 972 or
831 933 868 972 tn
882 931 985 972 satura
1006 931 1111 969 tanen.

877 1087 885 1122 1
947 1095 949 1102 ,

622 1206 766 1280 Hymnus
791 1203 820 1258 in
846 1200 957 1276 primis
989 1196 1132 1274 Vesperis.

919 1351 1025 1406 Armat
1043 1347 1129 1404 hasta
1148 1344 1290 1415 viatores,

956 1449 1002 1504 Ne
1017 1447 1193 1519 frangantur
1207 1441 1310 1513 taedio,

921 1547 1029 1602 Mucro
1045 1544 1125 1600 lavat
1138 1551 1323 1616 peccatores,

956 1642 991 1696 ln
1005 1636 1132 1697 ferventi
1151 1634 1256 1708 fluvio,

921 1737 1117 1792 Roborantur
1132 1730 1306 1800 bellatores,

957 1833 1003 1888 Ne
1018 1842 1107 1886 ruant
1120 1828 1152 1885 in
1166 1824 1284 1901 praelio.

364 1357 466 1430 Pange
482 1355 585 1429 lingua
603 1353 746 1428 gloriosae

400 1455 527 1510 Lanceae
539 1451 737 1526 praeconium,

364 1553 423 1608 Per
441 1568 532 1624 quam
558 1548 647 1606 nobis
661 1545 786 1622 copiose

399 1647 526 1705 Sacrum
540 1646 628 1702 fluxit
642 1646 797 1702 lavacrum
813 1661 820 1700 :

364 1747 459 1802 Passo
474 1741 597 1799 Christo
610 1741 751 1797 dolorosa

398 1845 458 1899 Pro
474 1841 570 1898 salute
585 1838 734 1913 gentium.

921 1975 1088 2047 Imperator
1107 1969 1251 2044 splendor
1271 1964 1369 2025 Patris

957 2071 1036 2126 Cum
1050 2066 1152 2125 Clavis
1172 2078 1201 2123 et
1217 2065 1337 2121 Lancea

922 2171 1072 2229 Mundum
1097 2179 1204 2243 purget
1218 2183 1235 2222 a
1248 2161 1391 2240 peccatis.
1449 2176 1450 2180 ’

958 2273 1017 2328 Pro
1032 2287 1086 2328 sua
1101 2267 1281 2338 clementia,

923 2371 1011 2430 Salve
1034 2379 1126 2426 tantae
1145 2364 1267 2440 pietatis

957 2466 1079 2526 Infinita
1097 2463 1206 2539 gratia.

364 1985 460 2040 Hasta
474 1981 550 2038 nitet
568 1978 738 2054 margaritis

399 2079 498 2136 Nimis
512 2075 755 2146 coruscantibus,

364 2176 472 2233 Mucro
487 2174 614 2250 gemmis
626 2170 752 2229 infinitis

400 2272 553 2347 Sanguine
568 2267 786 2329 vernantibus:

364 2371 540 2429 Muniamur
552 2367 644 2425 armis
656 2364 730 2434 istis,

398 2469 493 2527 Coelis
506 2463 758 2526 exclamantibus.

922 2608 1027 2668 Gloria
1041 2619 1071 2664 et
1085 2605 1184 2662 honor
1197 2603 1274 2672 Deo,
1365 2628 1370 2638 ·

958 2707 993 2762 In
1007 2701 1142 2780 paschali
1157 2699 1280 2776 gaudio,

923 2797 1005 2852 Laus
1020 2805 1133 2850 aeterna
1149 2789 1187 2846 sit
1201 2804 1258 2862 pro
1274 2801 1311 2841 eo

958 2891 1049 2962 Quod
1061 2886 1155 2964 gessit
1168 2885 1200 2942 in
1215 2881 1294 2939 Filio
1308 2898 1316 2937 :

920 2989 993 3048 Fixa
1008 2986 1047 3043 sit
1063 2984 1095 3042 in
1114 2981 1206 3040 corde
1221 2995 1299 3048 meo,

958 3086 1040 3142 Crux
1054 3097 1123 3142 curn
1143 3095 1198 3136 suo
1213 3073 1360 3134 Domino.
1453 3075 1455 3079 ’

1064 3183 1173 3238 Amen.

364 2610 468 2669 Dulcis
484 2610 580 2680 hasta,
596 2607 675 2665 latus
691 2603 748 2660 Dei

397 2709 442 2765 Te
461 2705 588 2782 replevit
607 2701 764 2776 sanguine,

364 2809 469 2868 Dulcis
489 2825 594 2866 mucro
612 2822 666 2882 per
681 2822 734 2861 cor
749 2799 804 2858 Dei

398 2907 538 2966 Volvitur
552 2906 584 2963 in
597 2901 733 2972 flumine,

365 3008 415 3066 Sic
431 3008 586 3064 salvantur
601 3019 707 3061 omnes
723 2999 777 3068 rei,

398 3104 480 3164 Tuto
496 3101 551 3164 Dei
565 3115 700 3160 munere.

876 3348 892 3386 2

646 3479 792 3556 Hymnus
814 3473 853 3532 ad
877 3463 1113 3549 completorium.

399 3635 521 3692 AEterna
537 3628 651 3688 Christi
666 3643 792 3684 munera

257 3725 262 3730 ’
365 3733 430 3790 Nos
445 3730 555 3788 satient
569 3724 752 3801 perenniter,

356 3827 439 3904 'Ejus
465 3829 629 3885 Clavorum
652 3821 788 3893 vulnera,

364 3925 517 3984 inebrient
534 3939 589 3980 nos
603 3919 724 3996 jugiter.

399 4078 470 4134 Jesu
486 4083 591 4131 nostra
609 4065 788 4141 redemptio,

366 4176 425 4231 Pro
437 4171 497 4230 tuis
511 4168 602 4226 armis
623 4164 750 4233 bellicis,

922 3618 966 3674 Te
988 3625 1091 3671 nostra
1105 3607 1208 3666 laudat
1226 3603 1347 3674 concio,

925 3712 1054 3791 Hymnis
1070 3723 1100 3768 et
1113 3705 1252 3766 canticis.

959 3865 1003 3922 Tu
1013 3861 1119 3918 Christe
1128 3869 1250 3915 nostrum
1258 3852 1399 3927 gaudium,

925 3963 970 4018 De
984 3962 1123 4017 lanceato
1137 3955 1240 4024 latere,

926 4060 972 4116 Da
986 4057 1063 4114 roris
1083 4051 1280 4112 mellicidium

919 4153 1047 4212 Ardenti
1062 4151 1154 4209 corde
1169 4161 1290 4221 sugero.
