3312 5060
370 433 436 515 154
548 449 655 496 Norns
680 450 721 495 nr
747 436 875 495 arunas
900 435 1204 505 naeniorioorouas

1189 571 1389 586 Ἤ

363 697 455 742 tatem
482 682 673 756 imperalium
707 683 937 756 praesidentium
965 685 1116 758 equitum;
1152 685 1342 744 conferentes
1368 687 1396 745 ei

361 781 454 839 etiam
469 793 498 840 et
509 780 666 855 imperalia
679 791 807 852 sceptra,
820 775 909 836 simul
921 792 950 836 et
960 791 1069 837 cuncta
1082 780 1178 854 signa,
1191 793 1281 856 atque
1295 783 1395 844 banna

360 879 452 937 etiam
473 890 503 935 et
526 877 645 936 diversa
662 889 839 934 ornamenta
855 877 1023 952 imperialia
1038 891 1068 936 et
1087 897 1210 936 omnem
1223 883 1394 953 processio-

361 993 430 1032 nem
445 975 611 1048 imperialis
626 974 767 1032 culminis
782 987 813 1031 et
826 973 954 1048 gloriam
969 975 1126 1049 potestatis
1142 989 1314 1037 nostrae.....

394 1071 589 1129 Decrevimus
604 1071 705 1145 itaque
721 1084 751 1129 et
764 1072 832 1142 hoc,
849 1083 882 1128 ut
897 1071 978 1128 idem
992 1072 1174 1130 venerabilis
1187 1085 1273 1146 pater
1290 1089 1394 1135 noster

359 1171 513 1242 silvester,
529 1188 666 1227 summus
677 1168 824 1242 pontifex,
839 1180 869 1225 et
879 1186 986 1226 omnes
1003 1171 1067 1243 ejus
1085 1188 1276 1228 successores
1289 1174 1393 1247 ponti-

356 1269 439 1340 fices,
453 1268 623 1326 diademate
639 1263 791 1340 (videlicet
810 1281 924 1320 corona
940 1283 1031 1338 quam
1053 1283 1090 1322 ex
1108 1266 1207 1340 eapite
1227 1279 1332 1325 nostro
1348 1269 1392 1328 illi

356 1365 573 1447 concessimus)
599 1383 636 1424 ex
664 1381 737 1420 auro
763 1361 927 1436 purissimo
964 1376 993 1422 et
1020 1365 1148 1439 gemmis
1175 1365 1317 1439 pretiosis
1346 1369 1391 1424 uti

355 1463 496 1533 debeant,
510 1475 540 1521 et
555 1461 697 1536 incapite
712 1461 751 1517 ad
764 1461 885 1517 laudem
899 1461 955 1518 Dei
970 1473 1000 1518 et
1019 1478 1074 1536 pro
1085 1462 1200 1520 honore
1216 1463 1296 1520 beati
1310 1466 1392 1522 Petri

354 1573 481 1635 gestare.
498 1563 564 1634 lpse
576 1577 658 1630 vero,
674 1557 867 1616 beatissimus
880 1575 969 1632 papa,
983 1560 1055 1633 quia
1069 1577 1160 1634 super
1174 1579 1319 1618 coronam
1333 1563 1392 1620 cle·

354 1658 477 1727 ricatus,
493 1675 584 1731 quam
605 1655 682 1730 gerit
701 1657 740 1713 ad
760 1655 889 1730 gloriam
910 1656 991 1713 beati
1014 1657 1106 1726 Petri,
1122 1658 1248 1716 omnino
1270 1659 1335 1734 ipsa
1355 1679 1391 1718 ex

354 1772 428 1814 auro
454 1767 577 1812 nonest
594 1772 701 1828 passus
716 1753 760 1808 uti
780 1770 905 1826 corona,
921 1771 978 1810 nos
998 1754 1159 1828 phrygium
1182 1773 1303 1830 quoque
1317 1775 1389 1814 can·

353 1855 417 1912 didi
428 1853 546 1923 nitoris,
558 1853 749 1927 splendidam
757 1855 1010 1914 resurrectionem
1018 1854 1204 1913 dominicam
1215 1853 1389 1928 designans,

354 1953 419 2026 ejus
447 1950 651 2008 sacratissimo
683 1952 788 2010 vertici
814 1953 953 2010 manibus
986 1953 1099 2010 nostris
1125 1951 1336 2026 imposuimus,
1361 1965 1390 2010 et

353 2060 489 2107 tenentes
500 2048 619 2104 frenum
634 2048 704 2122 equi
720 2048 811 2119 illius,
827 2067 883 2123 pro
897 2049 1065 2108 reverentia
1079 2049 1159 2107 beati
1176 2049 1269 2120 Petri,
1283 2061 1390 2106 strato

354 2144 394 2201 ris
407 2143 541 2202 officium
555 2144 598 2202 illi
614 2145 821 2216 exhibuimus;
834 2159 1012 2218 statuentes,
1024 2148 1132 2205 eodem
1142 2147 1270 2222 phrygio
1282 2163 1389 2202 omnes

352 2243 417 2315 ejus
431 2259 623 2300 successores
641 2242 834 2318 singulariter
852 2245 896 2303 uti
911 2244 942 2303 in
956 2245 1213 2320 processionibus,
1230 2245 1268 2302 ad
1288 2243 1388 2302 imita-

351 2339 465 2397 tionem
480 2339 599 2414 imperii
614 2339 710 2398 nostri
713 2381 768 2396 .....
1331 2341 1335 2349 ’

446 2464 635 2528 [Patroi.1at.,
651 2473 669 2515 t.
688 2464 760 2528 Vlll,
775 2467 826 2516 col.
840 2465 969 2532 576-577.
984 2494 1013 2503 -
1025 2464 1264 2530 VallalLaurent),
1280 2465 1321 2516 La
1335 2464 1388 2515 Do·

414 2551 507 2600 nation
531 2550 773 2603 Constantinienne
793 2552 963 2616 (traduction
982 2554 1103 2604 d'Alcide
1129 2553 1282 2618 Bonneau),
1301 2553 1386 2612 Paris,

414 2637 524 2696 Liseus,
548 2637 624 2706 1879,
637 2637 725 2690 ira-16.
743 2665 773 2677 -
788 2639 861 2706 Mely
876 2641 916 2703 (F.
928 2641 982 2704 de),
1000 2641 1042 2690 La
1059 2640 1202 2692 Contonne
1216 2640 1303 2704 deser
1316 2646 1344 2691 et
1359 2639 1387 2689 ia

413 2724 551 2776 Βοηαιὶοη
578 2725 829 2787 Constantinianus,
859 2728 946 2792 Paris,
976 2728 1090 2795 Gazette
1116 2728 1164 2780 des
1186 2728 1286 2779 Beaux
1310 2727 1385 2790 Arte,

418 2801 494 2871 1897,
512 2804 599 2868 i¹¹'4⁰·]

846 3027 892 3083 35.

839 3194 905 3250 927.

384 3317 484 3374 Allata
498 3327 569 3374 sunt
582 3335 635 3391 per
653 3335 758 3374 eorum
778 3317 907 3375 nuncios
922 3329 966 3375 tot
982 3319 1088 3376 exenia
1102 3318 1225 3392 regalia,
1239 3319 1341 3392 qualia
1357 3332 1385 3376 et

349 3425 462 3486 quanta
478 3431 531 3486 per
546 3413 676 3487 plurima
692 3427 760 3471 ante
781 3415 882 3471 secula
903 3413 1039 3488 Anglicis
1053 3414 1172 3472 fuerant
1189 3413 1343 3489 incognita
1356 3427 1385 3472 et

348 3510 454 3567 invisa.
470 3511 584 3568 Praeter
599 3511 709 3568 odores
723 3524 904 3582 aromatum,
915 3523 1025 3586 praeter
1041 3512 1172 3568 honores
1186 3529 1384 3586 gemmarum·

347 3621 457 3682 praeter
467 3625 564 3681 equos
575 3608 727 3665 cursorios
738 3607 837 3664 aureis
846 3605 996 3680 ephippiis
1005 3605 1385 3681 phaleratos,etonychina

346 3715 417 3762 vasa
439 3705 660 3779 pretiosissima
683 3716 712 3761 et
734 3704 793 3760 alia
816 3702 943 3760 donaria
960 3703 1092 3776 plurima
1111 3715 1141 3760 et
1169 3702 1382 3776 pulcherrima,

346 3802 439 3860 missa
449 3813 494 3859 est
503 3798 1025 3877 parsCrucisDominicae,erystallo
1036 3799 1382 3873 decentissimeinclusa,

346 3899 540 3974 portiuncula
555 3899 646 3957 etiam
661 3897 774 3971 spineae
790 3897 919 3953 Coronae
939 3895 1063 3966 Christi,
1081 3896 1219 3954 similiter
1240 3897 1384 3970 crystallo

347 4009 495 4066 contecta,
516 3996 598 4052 ensis
613 3993 807 4052 Constantini
829 3993 941 4067 Magni,
957 3993 1043 4066 cujus
1063 3993 1173 4068 capulo
1191 4011 1281 4068 super
1300 4012 1382 4050 cras-

348 4113 396 4150 sas
413 4094 479 4150 auri
503 4093 625 4164 lamina,
647 4093 749 4150 clavus
764 4091 872 4148 affixus
887 4101 950 4146 erat
975 4107 1055 4146 unus
1070 4108 1106 4148 ex
1121 4103 1251 4164 quatuor
1271 4089 1381 4163 quibus

349 4190 532 4263 Redemptor
561 4200 664 4244 noster
693 4205 749 4244 nos
780 4200 809 4244 et
841 4204 948 4244 omnes
974 4207 1044 4245 suos
1071 4188 1207 4260 salvavit,
1238 4188 1380 4246 vexillum
