3312 5060
411 442 483 522 ·130
603 472 711 520 noras
736 471 777 520 rt
802 456 932 518 brunus
956 457 1264 529 nncnaonoatouas

1285 593 1448 604 --.—-

382 730 386 738 ·
412 707 562 767 Dominus
578 723 607 767 et
621 709 697 767 velle
711 720 740 766 et
752 725 841 782 posse
857 705 888 765 in
903 706 991 765 vobis
1007 706 1130 778 tribuat,
1143 718 1175 764 ut
1192 725 1260 781 quae
1273 725 1310 765 eo
1326 719 1451 766 auctore

411 807 550 866 facienda
574 807 771 883 cognoscitis,
785 805 852 882 ipso
872 807 1046 881 adjuvante,
1068 805 1229 879 impleatis.
1248 808 1317 881 lpse
1332 825 1386 864 vos
1409 809 1447 863 ab

413 906 557 963 omnibus
570 905 702 980 peccatis
718 904 866 974 absolvat,
883 916 911 962 et
925 903 1031 962 exsilio
1045 917 1147 961 vestro
1161 903 1290 978 patriam
1305 917 1449 962 aeternam

411 1005 534 1064 tribuat.
1182 1013 1183 1016 ’
1367 1010 1368 1013 ’

448 1105 558 1159 Datum
576 1104 690 1172 Romae,
706 1115 815 1176 quarto
837 1119 933 1158 nonas
953 1102 1036 1173 maii,
1057 1103 1234 1184 indictionis
1253 1116 1379 1174 octavae,
1395 1120 1450 1177 per

412 1219 535 1258 manum
547 1201 561 1258 J
566 1200 674 1257 oannis
690 1199 829 1256 Diaconi.

506 1307 658 1372 [paschalis
683 1306 706 1356 ll
727 1321 805 1373 papae
825 1305 959 1373 Epistola
975 1313 1003 1358 et
1019 1309 1179 1378 privilegia,
1194 1325 1240 1376 ap.
1261 1310 1368 1361 Patrol.
1388 1311 1448 1374 lat„

473 1407 490 1448 t.
507 1396 688 1462 cl,xl11,pp.
704 1395 812 1460 42-43.]

910 1531 955 1586 19.

894 1637 975 1712 1098.

446 1763 481 1821 C.
499 1780 526 1820 e.
549 1794 583 1805 -—
615 1763 675 1833 Qui
700 1781 805 1820 rumor
828 1762 879 1822 nbi
906 1762 1069 1820 Raimundi
1096 1763 1220 1820 auribus
1243 1775 1288 1821 est
1307 1763 1446 1838 illapsus,

411 1861 523 1934 statim,
539 1862 687 1920 concione
703 1861 816 1933 habita,
841 1863 949 1918 Petrus
973 1861 1010 1918 ad
1028 1860 1109 1918 Petri
1126 1861 1281 1918 basilicam
1295 1877 1444 1920 vocatur:

410 1959 513 2017 locum
533 1971 673 2034 rogatus,
696 1959 773 2018 sicut
793 1959 937 2034 finxerat,
957 1971 1028 2032 post
1047 1959 1141 2016 altare
1162 1959 1322 2036 significat,
1342 1961 1446 2019 fodere

410 2069 529 2126 monet;
545 2070 638 2130 utque
653 2057 775 2132 pondus
785 2059 877 2115 verba
889 2058 1032 2132 habeant,
1048 2059 1164 2116 vultum
1178 2059 1269 2116 etiarn
1283 2057 1378 2134 fingit.
1391 2059 1447 2114 Fo-

410 2152 491 2210 ditur
501 2171 583 2228 ergo,
596 2172 652 2212 nec
663 2153 837 2228 proficitur:
849 2156 979 2212 suffossa
990 2156 1100 2213 humus
1112 2157 1350 2232 nequitreddere
1363 2157 1447 2230 quod

409 2267 466 2307 nec
485 2251 681 2309 commissum
703 2253 811 2326 fuerat,
833 2272 889 2312 nec
911 2269 1079 2330 acceptum.
1101 2257 1243 2314 Habebat
1262 2269 1363 2314 autem
1381 2255 1446 2330 ipse

409 2348 487 2404 clam
504 2351 584 2424 apud
605 2369 636 2408 se
651 2351 787 2425 cuspidis
805 2353 944 2410 Arabicae
964 2355 1088 2428 ferrum,
1108 2355 1146 2411 de
1165 2337 1251 2429 cujus
1271 2353 1445 2412 inventione

318 2481 321 2486 -
409 2446 532 2504 fortuita
548 2449 706 2506 materiam
721 2449 846 2508 fallendi
861 2452 920 2509 sibi
936 2467 1151 2526 assumpserat.
1173 2455 1317 2512 Scabram
1334 2453 1445 2528 quippe

408 2541 546 2617 intuitus,
564 2563 695 2618 exesam,
717 2564 876 2618 annosam,
897 2549 966 2606 usui
986 2563 1092 2607 nostro
1112 2549 1211 2608 forma
1230 2565 1259 2610 et
1277 2549 1444 2626 quantitate

408 2641 598 2716 dissimilem,
620 2645 795 2721 auspicatus
816 2661 861 2704 est
880 2648 962 2705 illico
983 2649 1055 2706 hinc
1074 2649 1165 2706 fidem
1186 2650 1273 2708 novis
1292 2647 1444 2724 figmentis

408 2741 610 2799 adhaesuram.
624 2745 739 2802 Nactus
758 2763 830 2822 ergo
845 2747 969 2805 fallendi
981 2762 1110 2824 tempus,
1122 2748 1223 2824 ligone
1239 2760 1370 2822 arrepta,
1381 2747 1443 2804 fos-

407 2858 472 2897 sam
486 2841 591 2913 insilit,
608 2861 834 2920 conversusque
850 2847 888 2904 ad
903 2847 1067 2920 angulum:
1085 2869 1097 2900 ι
1113 2846 1183 2918 Hic,
1199 2847 1308 2920 inquit,
1325 2846 1444 2903 fodien-

407 2939 480 2996 dum
493 2953 548 3011 est,
565 2939 613 2998 hic
628 2941 701 3001 latet
711 2945 794 3018 quod
809 2944 985 3020 quaerimus,
998 2945 1068 3002 hinc
1082 2943 1207 3002 exibit.»
1229 2945 1316 3001 Tunc
1332 2944 1443 3018 saepius

407 3035 579 3111 saepiusque
599 3038 693 3096 ictum
713 3040 929 3116 multiplicans,
950 3041 1113 3099 demissam
1136 3041 1344 3100 fraudulenter
1371 3061 1387 3098 a
1411 3059 1442 3098 se

407 3135 558 3193 Lanceam
577 3137 709 3196 fossorio
724 3140 834 3198 illidit:
851 3151 1015 3212 cooperata
1035 3151 1080 3197 est
1093 3140 1172 3198 dolis
1192 3141 1310 3209 umbra,
1326 3141 1442 3196 umbrae

404 3234 537 3307 populus
552 3235 704 3309 frequens,
721 3237 899 3313 frequentiae
914 3237 974 3294 loci
989 3238 1139 3313 angustia.

440 3403 475 3459 C.
492 3421 530 3460 οι.
552 3436 587 3448 -
611 3405 754 3464 Ceterum
776 3408 829 3465 ubi
851 3409 964 3467 ferrum
984 3411 1064 3467 ferro
1083 3407 1199 3464 illisum
1217 3407 1331 3478 tinniit,
1353 3423 1440 3464 aures

405 3501 587 3576 simplicium
599 3519 730 3562 arrectas
742 3507 822 3564 idem
833 3507 948 3566 fraudis
964 3520 1163 3578 commentor,
1176 3507 1295 3563 sublata
1309 3507 1439 3576 Lancea,

403 3598 450 3656 his
466 3598 621 3675 implevit:
639 3605 750 3676 «Ecce,
767 3622 847 3678 ecce,
865 3606 1071 3680 quodcoelum
1086 3589 1235 3678 promssit,
1253 3604 1335 3678 quod
1350 3603 1440 3660 tellus

403 3699 603 3772 conservavit,
619 3703 777 3776 apostolus
794 3703 948 3775 revelavit,
965 3703 1063 3759 oratio
1079 3700 1184 3777 populi
1200 3701 1322 3758 contriti
1344 3701 1440 3776 impe-

402 3794 501 3854 travit.
517 3817 530 3848 u
544 3797 602 3853 Vix
621 3797 686 3854 haec
702 3797 807 3869 fatum,
828 3798 909 3855 foras
930 3799 1101 3870 extrahunt,
1121 3797 1242 3872 hymnis
1262 3810 1292 3853 et
1312 3797 1438 3853 canticis

405 3893 556 3951 Lanceam
580 3909 819 3970 prosequuntur,
840 3895 1017 3954 muneribus
1037 3897 1165 3968 donant,
1186 3913 1261 3950 auro
1281 3893 1440 3951 involvunt

403 4003 432 4047 et
446 3990 558 4065 palliis.

497 4090 647 4156 [Radulphl
673 4091 859 4141 cadomensis
889 4089 973 4143 Gesta
1009 4089 1147 4142 Tancredr'
1171 4089 1277 4140 Sicilire
1301 4089 1377 4155 regis
1411 4091 1439 4141 in

464 4178 638 4244 expeditione
659 4179 925 4248 Hierosolymitana,
954 4195 1000 4246 ap.
1023 4179 1098 4232 Hist.
1122 4181 1207 4232 occid.
1220 4178 1268 4229 des
1283 4177 1441 4244 croisades,

468 4277 486 4316 t.
502 4267 547 4330 ιιι,
565 4283 591 4332 ρ.
609 4265 688 4334 ιιῃι
