3312 5060
367 455 410 522 9²
535 454 660 509 noras
684 454 725 501 nr
750 439 879 500 arunas
903 439 1207 510 nncnronocrouas

408 693 496 752 Pour
521 689 550 750 le
575 705 668 763 reste,
695 691 726 751 la
752 689 907 752 tradition
929 689 1206 770 Abingdonicnne
1233 689 1301 751 doit
1330 695 1395 750 erre

367 796 481 875 suivie,
509 813 539 858 et
569 816 624 857 sur
658 816 693 856 ce
730 796 823 878 point
857 797 886 858 le
920 797 1106 860 Chronicon
1133 795 1325 858 monasterii
1357 795 1396 856 de

366 899 542 982 Abingdon
559 901 566 924 ¹
583 915 630 962 est
644 901 708 962 tres
721 902 874 984 complet.
887 903 992 964 Tome
1010 903 1062 977 1⁰⁹,
1077 923 1107 985 p.
1123 905 1176 980 88,
1194 923 1278 964 nous
1294 922 1395 964 avons

367 1026 412 1068 un
428 1026 561 1088 passage
584 1005 714 1070 intitule
742 1029 749 1072 :
772 1029 788 1068 «
804 1011 855 1072 De
876 1009 1063 1072 muneribus
1087 1029 1160 1091 quoe
1183 1009 1273 1072 misit
1290 1010 1394 1091 Hugo

368 1113 479 1194 Caper,
496 1133 557 1176 rex
564 1115 722 1178 Francioe
735 1115 928 1178 Athelstano
940 1115 1013 1198 regi
1026 1116 1171 1198 Anglica.
1200 1141 1213 1172 s

402 1300 546 1356 «Eodem
573 1314 721 1376 tempore,
746 1319 815 1376 rege
838 1301 1005 1377 Anglorum
1028 1301 1228 1372 AEthelstano,
1260 1314 1394 1375 tempore

365 1398 510 1470 paschali,
534 1401 614 1474 apud
635 1399 878 1471 Abbendoniam,
903 1419 972 1456 cum
993 1400 1156 1456 comitibus
1178 1412 1207 1454 et
1229 1398 1395 1456 baronibus

366 1493 428 1550 suis
452 1495 566 1551 curiam
596 1514 681 1552 suam
706 1509 827 1553 tenente
848 1497 1013 1571 plenariam
1037 1511 1127 1572 prout
1148 1497 1232 1572 regio
1255 1497 1396 1554 convenit

366 1589 485 1661 honori,
511 1591 697 1650 advenerunt
716 1593 813 1650 nuntii
842 1595 919 1668 regis
945 1594 1091 1666 Franciae,
1117 1594 1257 1668 Hugonis
1282 1613 1395 1668 cogno-

366 1701 467 1745 mento
482 1691 586 1764 Capet,
606 1689 767 1756 offerentes
783 1691 844 1767 regi
862 1693 943 1749 varia
963 1693 1068 1749 exenia
1085 1711 1177 1748 aurea
1197 1705 1225 1749 et
1245 1707 1395 1767 argentea,

365 1803 484 1842 necnon
495 1801 524 1844 et
536 1788 594 1844 alia
610 1807 699 1862 super
714 1807 819 1845 aurum
835 1803 864 1847 et
875 1804 1030 1864 argentum
1044 1804 1073 1847 et
1085 1791 1216 1864 lapidem
1230 1789 1395 1864 pretiosum

365 1883 511 1955 dulciora,
537 1884 679 1958 reliquias
703 1883 842 1942 videlicet
861 1885 1009 1960 pretiosas
1034 1905 1102 1942 cum
1124 1886 1206 1942 omni
1229 1887 1396 1945 reverentia

365 1983 536 2040 tractandas
563 1983 676 2056 pariter
700 1998 729 2042 et
758 1986 960 2054 venerandas,
988 1985 1113 2054 scilicet,
1140 1998 1256 2059 partem
1283 1985 1395 2058 spineae

366 2098 488 2136 coronae
505 2093 533 2138 et
550 2095 665 2154 partem
684 2083 759 2138 clavi
779 2083 911 2154 Domini,
925 2083 1068 2140 vexillum
1087 2083 1177 2140 etiam
1194 2083 1290 2140 sancti
1307 2085 1394 2140 Mau-

367 2177 426 2234 ritii
448 2177 594 2252 gloriosmi
609 2181 693 2235 mari⁵
709 2195 738 2236 et
756 2181 889 2238 Thebeoe
906 2180 1034 2254 legionis
1056 2181 1212 2255 principis,
1232 2200 1300 2238 curn
1325 2199 1393 2256 pre-

368 2277 446 2333 tioso
460 2276 555 2350 digito
572 2278 667 2334 sancti
682 2277 811 2336 Dionisii
827 2279 999 2354 martyris...
1018 2301 1029 2331 a

404 2463 454 2520 Au
476 2475 498 2520 t.
525 2460 567 2526 ΙΙ,
586 2479 641 2541 pp.
665 2460 821 2542 276-277,
843 2479 927 2522 nous
949 2476 1109 2522 trouvons
1134 2479 1179 2522 un
1204 2459 1296 2522 trane
1314 2485 1328 2514 <t
1345 2459 1395 2520 De

364 2569 545 2630 Abbatibus
562 2569 794 2648 Abbcndonioe,
819 2571 928 2631 darant
950 2589 1078 2631 comme
1094 2568 1125 2630 la
1145 2567 1333 2649 Chronique
1355 2567 1394 2627 de

364 2676 395 2736 la
423 2675 466 2736 fin
490 2677 534 2737 du
559 2691 614 2738 xue
639 2676 745 2739 siecle.
765 2677 812 2740 Ce
841 2678 921 2739 n'est
941 2697 998 2758 pas
1017 2697 1081 2738 une
1107 2676 1281 2758 repetition
1305 2675 1395 2737 dela

366 2782 575 2866 Chronique,·
595 2783 618 2844 il
643 2801 689 2847 est
710 2791 865 2867 compose
890 2805 965 2848 avec
988 2785 1034 2846 les
1059 2788 1181 2846 memes
1203 2783 1392 2858 materiaux,

365 2889 432 2950 cela
448 2905 494 2950 cst
509 2891 642 2971 certain,
660 2892 742 2954 mais
758 2893 885 2974 chaque
901 2910 1015 2955 auteur
1030 2893 1076 2953 les
1091 2912 1109 2954 a
1124 2891 1249 2953 utilises
1265 2889 1394 2952 suivant

365 3015 424 3057 son
441 2997 674 3078 appreciation.

401 3205 412 3236 r
428 3185 527 3258 Hujus
549 3185 626 3260 regis
645 3199 781 3259 tempore
800 3186 876 3243 obiit
896 3187 990 3242 abbas
1008 3187 1152 3260 Cyneum,
1174 3184 1223 3241 cui
1248 3181 1392 3239 successit

365 3281 542 3338 Godescalc.
560 3282 594 3336 ln
609 3281 694 3353 cujus
707 3295 853 3355 tempore,
870 3282 950 3338 misit
966 3300 1017 3337 rex
1034 3280 1167 3337 Franciae
1186 3281 1286 3352 Hugo,
1298 3278 1393 3350 Capet

365 3379 495 3449 nomine,
524 3379 584 3452 regi
612 3379 789 3436 Ethelstano
816 3380 897 3452 (quia
925 3397 1000 3434 uxor
1025 3379 1089 3449 ejus
1114 3396 1200 3432 soror
1223 3374 1391 3432 Ethelstani

364 3479 436 3548 erat)
453 3475 558 3532 exenia
579 3476 672 3532 multa
692 3489 720 3532 et
736 3477 876 3549 pretiosa,
897 3475 975 3532 inter
996 3493 1063 3548 quau
1088 3489 1172 3531 erant
1188 3491 1195 3528 ε
1211 3487 1340 3547 punctus
1355 3474 1392 3528 dc

363 3575 455 3631 clavis
484 3573 617 3645 Domini,
645 3587 672 3630 ct
703 3575 740 3629 de
769 3573 862 3646 spinis
890 3592 1002 3630 corone
1024 3573 1157 3642 Domini,
1181 3586 1211 3628 ct
1236 3571 1272 3628 dc
1295 3573 1392 3626 Cruce

363 3674 494 3744 Domini,
510 3687 539 3730 ct
555 3673 687 3747 gladium
704 3672 896 3730 Constantini
912 3671 1113 3745 imperatoris,
1132 3672 1163 3726 in
1177 3671 1262 3743 cujus
1283 3670 1391 3742 capulo

362 3773 497 3828 inclusus
518 3785 580 3826 erat
605 3783 734 3843 punctus
757 3769 832 3826 clavi
858 3769 991 3839 Domini,
1017 3769 1171 3842 speciosos
1194 3781 1222 3824 ct
1244 3786 1340 3840 equos
1364 3781 1393 3822 et

361 3889 477 3944 pannos
491 3869 614 3925 sericos.

398 3970 577 4024 «Punctum
598 3967 674 4024 clavi
697 3967 779 4026 dedit
803 3967 904 4024 abbati
921 3967 1091 4036 Godescile,
1108 3979 1136 4023 et
1156 3965 1248 4022 multa
1273 3967 1331 4022 alia
1353 3967 1389 4022 ad

395 4173 418 4206 ι.
435 4157 532 4208 Edited
543 4157 578 4222 by
593 4159 639 4207 the
651 4158 715 4207 Rev.
730 4156 831 4222 loseph
914 4171 927 4205 a
944 4156 999 4204 vol.
1021 4155 1104 4204 in-80.

360 4248 519 4306 Stevcnson,
537 4247 662 4306 London,
679 4247 831 4311 Longmarr,
