3312 5060
374 397 437 484 148
560 418 668 466 nores
692 417 734 464 nr
757 401 887 465 uruurs
911 403 1217 475 nncneoroorouns

404 654 439 709 In
454 653 518 710 sole
533 653 644 728 frangit
658 653 793 728 phialam
928 654 986 710 Per
1009 653 1174 711 Clarorum
1190 653 1367 729 suffragium

369 749 494 807 Furoris
515 750 690 822 iracundiae,
928 751 1031 810 Floret
1045 765 1148 810 nostra
1163 751 1296 810 devotio

369 848 449 903 Dum
465 846 552 904 miles
567 847 632 921 figit
649 849 810 921 mucetum,

371 944 406 1002 In
423 946 514 1002 corde
534 945 624 1019 Regis
639 945 755 1019 gloriae.
963 925 1067 983 Gloria
1081 927 1137 984 tibi
1153 927 1295 999 D0mi¹¹02

929 1023 988 1094 Qui
1004 1024 1159 1082 surrexisti
1172 1043 1189 1082 a
1203 1023 1342 1096 mortuis,

406 1122 846 1192 Quaesumusauctoromnium
929 1124 1114 1197 Redemptos
1128 1136 1182 1180 tuo
1195 1123 1343 1198 sanguine

370 1219 405 1277 In
417 1218 475 1282 hoc
487 1219 626 1278 Pascheli
638 1219 762 1294 gaudio,
930 1219 1024 1279 Sertis
1040 1238 1131 1278 ornas
1145 1219 1309 1296 perpetuis.

881 1371 895 1426 5

705 1493 849 1567 Hymnus
867 1494 907 1551 ad
920 1496 1068 1554 Primam.

404 1609 471 1666 Jam
486 1607 563 1664 lucis
577 1619 645 1664 orto
659 1607 768 1680 sidere,
931 1611 1067 1685 Extirpet
1082 1628 1171 1668 omne
1185 1612 1303 1686 vitium,

371 1707 503 1782 Dignare
519 1725 574 1763 nos
590 1706 730 1778 invisere,
931 1711 993 1765 Rex
1011 1709 1131 1767 Christe
1146 1709 1242 1768 sector
1257 1710 1403 1767 omnium.

370 1803 472 1860 Armis
485 1807 547 1860 'tuae
559 1803 717 1876 potentiae,

371 1901 481 1974 Magne
501 1901 583 1958 De„s
598 1900 777 1958 clementiae.
966 1861 1048 1917 Fons
1060 1861 1189 1918 lanceati
1202 1862 1316 1935 luteris,

934 1957 1085 2015 Emundet
1098 1959 1203 2016 sordes
1219 1958 1342 2016 sceleris

932 2054 970 2110 Et
985 2054 1088 2128 irriget
1102 2073 1158 2112 nos
1174 2055 1290 2127 intime,

404 2087 861 2162 Christeredemptoromnium,
930 2153 980 2210 Εἴ
1070 2155 1094 2210 R
1163 2154 1238 2210 lt‘'

982 2170 1053 2210 erne
1096 2171 1160 2210 exa
1187 2171 1299 2211 rssrme.

371 2183 417 2239 Du
431 2183 572 2276 spiritale·
581 2183 737 2256 gaudium,

372 2281 417 2338 D‘
432 2280 525 2337 armis
535 2279 596 2336 ‘Uis
611 2280 712 2350 h⁰diev
965 2305 1041 2361 Tuis
1056 2305 1149 2362 sacris
1165 2304 1351 2374 vulneribus,

371 2378 522 2453 splend⁰f
536 2391 609 2436 210?
610 2397 658 2435 ¹¹ae
672 2378 788 2452 ΒῙΟΓῘῑθ·
933 2402 970 2458 Et
986 2401 1077 2458 armis
1092 2401 1288 2474 salutaribus,

932 2498 1054 2572 Confer,
1071 2497 1202 2572 Christe,
1219 2499 1250 2555 in
1264 2497 1361 2572 patria

406 2565 491 2622 Clavi
505 2579 678 2623 sanctarum
691 2583 848 2638 manuum,
929 2599 1025 2656 Beata
1040 2597 1130 2654 nobis
1148 2598 1269 2672 gaudia·

369 2665 418 2723 Ad
433 2683 510 2738 opus
526 2667 640 2722 ducant
653 2679 819 2740 strenuum,

372 2762 537 2820 Resolvtnt
551 2779 663 2820 noxam
678 2765 794 2840 populi,
966 2748 1011 2806 Sit
1027 2748 1149 2806 Chsi⁸¹0
1170 2747 1319 2822 jubilatio,

373 2859 441 2918 lesu
457 2860 629 2934 redemptor
643 2862 747 2922 seculi.
932 2847 1023 2916 Laus,
1039 2845 1203 2920 gratiarum
1220 2844 1309 2915 actio,

928 2947 1090 3002 Armorum
1100 2942 1266 3014 veneratio,

409 3037 509 3095 Sacris
521 3038 632 3096 infixus
645 3039 774 3114 pedibus
931 3040 977 3098 Sit
992 3039 1081 3096 nobis
1094 3037 1273 3097 defensatio.

373 3137 496 3208 Clavus,
512 3156 529 3194 a
544 3139 657 3196 nostris
669 3139 823 3211 cordibus,
999 3139 1106 3194 Arnen.

434 3262 476 3313 Ad
491 3261 601 3313 tertium
617 3270 781 3326 repetuntur
800 3262 861 3314 dure
875 3261 972 3328 primae
992 3261 1113 3325 strophae
1131 3274 1163 3310 ex
1180 3259 1284 3325 hymno
1299 3257 1333 3309 ad
1351 3255 1408 3323 pri·

467 3365 528 3402 mus
542 3351 687 3415 vesperas.

435 3437 477 3490 Ad
500 3447 606 3490 sextum
623 3439 732 3489 canitur
752 3439 832 3491 tertia
855 3449 881 3491 et
904 3448 1003 3504 quarta
1025 3437 1139 3504 stropha
1161 3436 1286 3502 ejusdem
1301 3433 1407 3500 hymni.

465 3521 550 3579 Nonre
563 3527 683 3594 denique
694 3528 777 3580 servit
793 3511 893 3580 ultinia
907 3528 1021 3595 stropha
1036 3542 1100 3579 curn
1114 3528 1267 3592 doxologia.

885 3672 903 3728 6

629 3795 774 3870 Hymnus
794 3798 979 3857 inserendis
1003 3797 1148 3873 Vesperis.

410 3901 549 3960 Christus
566 3903 733 3960 ascendens
969 3903 1070 3962 Clanis
1086 3901 1203 3974 affixus,

375 4000 493 4071 Choros
508 3999 696 4073 angelorum,
935 4005 1030 4060 Hasta
1043 4001 1230 4067 vulneratus,

410 4097 551 4156 Pontifex
565 4099 674 4174 factus,
971 4099 1098 4157 Pertulit
1117 4114 1248 4155 crucem.

376 4193 437 4249 Rex
453 4195 675 4268 universorum,
