3312 5060
383 439 445 508 108
559 459 669 510 voras
693 459 736 507 ar
760 447 888 506 arunas
913 446 1216 521 nacuaotocrouas

1101 565 1396 580 *—

374 677 581 752 sollempniter
596 677 737 750 ostensis,
751 677 830 734 lacta
850 678 933 735 verbi
956 679 1163 754 predicatione
1180 694 1209 739 et
1223 682 1401 757 consignato

373 778 488 852 populo
504 776 661 852 signaculo
670 789 774 834 sancte
789 777 905 846 Crucis,
918 778 1047 852 dataque
1059 780 1097 836 ab
1108 779 1275 838 astantibus
1287 781 1403 855 episco-

372 875 420 950 pis
436 875 633 950 indulgentia,
649 893 718 932 cum
739 875 886 949 applausu
905 875 1001 932 nimio
1020 889 1081 934 tam
1102 877 1174 934 cleri
1191 897 1282 953 quam
1296 881 1401 954 populi

372 974 478 1030 laudes
486 973 620 1048 undique
636 973 840 1045 acclamantis,
851 973 929 1030 idem
941 991 991 1032 rex
1003 975 1095 1048 pedes
1106 976 1261 1048 incedens,
1272 979 1401 1034 nudam-

373 1087 432 1144 que
456 1087 576 1128 crucem
591 1070 622 1127 in
637 1070 777 1127 manibus
802 1071 864 1128 suis
887 1086 1019 1146 gestans,
1042 1073 1193 1130 civitatem
1209 1074 1355 1147 introivit,
1372 1089 1401 1133 et

373 1167 416 1224 sic
431 1185 528 1242 usque
543 1168 580 1224 ad
596 1167 696 1242 regale
710 1166 856 1242 palatium
871 1169 1005 1240 veniens,
1022 1169 1118 1244 ipsam
1134 1184 1309 1246 ceterasque
1325 1191 1400 1246 quas

371 1267 557 1342 prediximus
573 1266 717 1340 reliquias
732 1285 801 1324 cum
816 1268 939 1324 Corona
954 1267 1106 1324 dominica
1120 1267 1288 1327 honorifice
1303 1271 1400 1328 collo-

372 1364 451 1422 cavit
466 1382 546 1422 anno
562 1364 708 1422 incarnati
724 1365 816 1421 Verbi
832 1365 886 1422 Me
903 1365 976 1420 CC0.
993 1366 1085 1422 XLI0.

408 1463 486 1521 Ecce
507 1463 589 1537 quod
614 1461 689 1533 heri,
710 1475 742 1519 ut
762 1462 876 1520 dictum
901 1477 956 1535 est,
972 1481 1026 1538 per
1046 1465 1199 1539 predictos
1218 1465 1325 1524 fratres
1341 1468 1400 1525 Mi·

370 1579 461 1619 nores
486 1579 537 1618 rex
552 1561 689 1618 consulte
710 1561 879 1634 proposuit,
902 1562 1049 1618 Dominus
1073 1581 1126 1637 per
1141 1563 1215 1620 alios
1233 1565 1399 1622 consultius

370 1657 554 1733 procuravit,
579 1657 665 1732 quasi
690 1674 742 1731 per
766 1657 824 1714 hoc
848 1658 1040 1716 occasionem
1063 1673 1202 1734 quereret
1226 1673 1258 1718 ut
1285 1663 1399 1720 eisdem

370 1755 513 1814 fratribus
530 1754 732 1812 mediantibus
743 1753 889 1828 largitatis
903 1773 956 1812 sue
970 1757 1158 1830 magnalibus
1171 1758 1285 1817 dictum
1299 1778 1399 1835 regem

371 1853 500 1927 amplius
528 1853 681 1923 exaltaret,
706 1851 748 1908 ita
767 1863 869 1908 tamen
890 1865 923 1910 ut
946 1870 1001 1910 nec
1016 1871 1069 1927 per
1088 1855 1146 1912 hoc
1162 1875 1179 1912 a
1193 1875 1246 1931 spe
1265 1861 1399 1918 muneris

370 1949 562 2026 preconcessi
574 1968 642 2007 eum
654 1950 685 2006 in
695 1950 798 2024 aliquo
813 1949 1015 2008 defraudaret.
1029 1953 1106 2008 Nam
1122 1971 1191 2010 cum
1205 1955 1277 2013 dicti
1293 1956 1398 2016 fratres

370 2051 468 2109 adhuc
483 2067 537 2124 per
551 2049 715 2124 quingenta
729 2047 858 2106 miliaria
870 2063 900 2106 et
913 2067 949 2106 eo
965 2050 1094 2123 amplius
1110 2053 1208 2110 adhuc
1220 2071 1236 2110 a
1247 2055 1398 2114 Constan-

370 2148 571 2224 tinopolitana
586 2148 660 2203 urbe
675 2145 830 2216 distantes,
841 2159 950 2204 cuncta
965 2165 1024 2222 que
1039 2149 1119 2206 circa
1133 2149 1211 2209 dicte
1223 2153 1328 2211 Crucis
1343 2173 1399 2229 pro

370 2266 429 2323 qua
452 2246 593 2306 destinati
618 2259 703 2305 erant
731 2247 890 2321 negocium
912 2262 996 2322 gesta
1023 2259 1119 2316 erant,
1144 2261 1225 2306 certa
1253 2250 1399 2309 relatione

368 2345 488 2420 plenius
507 2342 694 2414 didicissent,
716 2343 854 2401 invocata
876 2343 1030 2401 humiliter
1048 2344 1150 2401 divine
1164 2344 1399 2419 dispensationis

368 2443 474 2518 gratia,
491 2443 658 2501 deliberato
675 2441 752 2500 inter
767 2459 799 2498 se
820 2441 893 2514 quid
916 2457 1048 2516 agerent,
1064 2459 1256 2517 nequaquam
1274 2462 1289 2500 a
1311 2459 1399 2520 cepto

369 2541 476 2600 itinere
491 2541 672 2600 destiterunt
687 2541 707 2610 ¹,
723 2541 775 2597 sed
797 2553 949 2596 annuente
963 2557 999 2597 eo
1014 2539 1066 2613 qui
1082 2539 1113 2595 in
1127 2540 1263 2598 consiliis
1285 2543 1400 2602 habitat

369 2651 399 2696 et
414 2637 563 2696 eruditis²
585 2639 710 2694 interest
733 2637 980 2711 cogitationibus,
996 2638 1034 2695 ad
1056 2640 1246 2710 procuranda
1261 2641 1319 2700 alia
1341 2661 1399 2716 que

369 2735 468 2793 adhuc
482 2733 749 2806 Constantinopoli
765 2751 831 2791 esse
854 2733 1011 2792 audierant
1031 2752 1096 2792 sese
1116 2735 1241 2794 viriliter
1255 2739 1399 2798 incitave-

368 2843 448 2902 runt,
465 2843 494 2888 et
509 2831 552 2888 sic
567 2831 599 2886 in
614 2830 745 2887 Domino
765 2830 883 2902 conlisi,
899 2831 966 2906 ipso
986 2833 1071 2900 duce,
1090 2833 1128 2890 ad
1145 2833 1271 2891 eandem
1293 2839 1399 2894 urbem

369 2947 431 2986 non
453 2928 547 2985 multo
569 2928 727 3002 interjecto
742 2943 878 3002 tempore
902 2943 1115 3003 pervenerunt.
1133 2932 1226 2987 Erant
1241 2945 1342 2990 autem
1357 2933 1399 2990 ibi

367 3041 440 3084 tunc
455 3025 599 3100 temporis
616 3027 672 3082 sub
687 3025 758 3084 dicti
773 3025 965 3099 imperatoris
978 3027 1113 3085 dominio
1126 3027 1268 3102 specialia
1282 3029 1400 3103 passio·

368 3123 415 3180 nis
439 3123 550 3180 Christi
575 3123 715 3198 insignia,
738 3122 822 3180 omni
846 3141 919 3180 auro
941 3137 970 3182 et
993 3137 1118 3198 argento
1135 3125 1330 3199 preciosiora,
1345 3143 1399 3200 pro

368 3220 482 3294 argenti
508 3234 572 3278 tum
598 3220 747 3278 immenso
763 3219 865 3295 precio
884 3221 967 3294 quod
992 3239 1048 3296 pro
1076 3221 1194 3295 imperii
1222 3221 1398 3281 defensione

368 3335 534 3392 expensum
555 3318 653 3376 fuerat
668 3317 812 3392 obligata.
833 3318 900 3386 Que
923 3318 979 3376 etsi
1002 3337 1059 3393 pro
1081 3319 1217 3394 ipsorum
1232 3322 1398 3380 reverentia

367 3417 493 3494 pollutis
513 3416 601 3474 labiis
617 3414 733 3490 indigni
749 3414 854 3486 simus,
871 3415 908 3471 ad
928 3415 1062 3489 ipsorum
1084 3429 1185 3474 tamen
1204 3420 1398 3476 reverendam

368 3515 546 3574 memoriam
568 3513 698 3589 posteris
725 3511 936 3583 exhibendam,
958 3529 992 3570 ea
1015 3513 1190 3588 singillatim
1215 3527 1244 3572 et
1268 3515 1399 3573 breviter

367 3614 613 3690 perstringemus.

400 3711 472 3768 Erat
480 3710 522 3768 ibi
531 3707 783 3784 gloriosissimum
794 3709 912 3766 Lancea
920 3709 1032 3766 ferrum
1043 3709 1185 3767 omnibus
1196 3712 1397 3782 tremendum,

368 3809 511 3867 omnibus
535 3807 743 3878 reverendum,
758 3806 789 3863 in
811 3805 924 3864 Christi
943 3808 1035 3865 latere
1055 3821 1276 3882 consecratum,
1291 3810 1399 3868 imma-

262 3911 267 3922 '
367 3907 459 3966 culati
472 3905 540 3982 agni
552 3904 698 3980 sanguine
709 3903 906 3976 rubricatum,
918 3923 979 3979 quo
990 3905 1084 3980 ipsius
1095 3905 1125 3962 in
1137 3923 1226 3964 cruce
1238 3908 1398 3980 pendentis

367 4009 460 4066 latere
478 4005 640 4081 perforato,
659 4005 876 4080 redemptionis
899 4007 1030 4063 humane
1049 4005 1141 4064 exivit
1159 4006 1305 4080 precium.
1325 4005 1397 4064 Erat

401 4243 421 4280 1.
436 4227 494 4278 1201.
513 4227 665 4294 173v⁰c0t
685 4227 713 4278 b.
956 4241 982 4277 2.
998 4227 1076 4277 Prov.
1090 4227 1161 4289 Vlll,
1181 4243 1219 4277 η.
