3290 5066
583 482 626 532 tr
646 484 767 532 simun
785 483 967 530 couaomvu
1219 460 1288 547 439

295 719 370 772 Zum
387 717 420 772 V.
443 715 502 772 Ein
520 715 633 772 silbern
653 713 794 786 ubergult
811 712 892 770 Bildt
913 712 977 769 eins
999 712 1113 786 Konigs
1138 711 1187 768 ein
1207 710 1289 768 klein

260 827 451 870 monstrancz
466 812 495 868 in
517 813 547 868 dr
563 811 657 867 handt
669 810 748 884 [Fig.
762 816 818 882 71).

281 911 354 966 'Ein
376 913 460 966 Dorn
481 911 534 968 der
550 912 618 968 dem
638 911 748 967 herren
769 910 861 968 ihesu
877 911 942 966 sein
959 909 1094 983 heyliges
1110 909 1213 979 Haupt
1225 922 1287 962 ver-

260 1005 365 1061 wundt
378 1005 442 1062 hat.
940 1007 1077 1062 Summa.
1093 1005 1112 1077 j.
1128 1000 1285 1078 partickel.

300 1205 438 1287 L'eglise
462 1209 501 1269 de
524 1207 724 1286 Wolhusen,
750 1227 791 1269 au
808 1207 939 1268 diocese
963 1208 1003 1268 de
1030 1206 1120 1279 Bale,
1149 1205 1287 1287 possede
1303 1216 1466 1270 womussv,

258 1311 376 1393 depuis
409 1311 483 1392 plus
508 1313 547 1373 de
573 1327 687 1392 quatre
711 1311 825 1374 siecles
854 1310 1036 1409 uneepine
1060 1311 1154 1373 dela
1183 1309 1286 1372 sainte
1342 1299 1409 1330 Μ·

261 1414 456 1478 Couronne.
489 1417 535 1479 La
555 1417 711 1478 tradition
726 1432 802 1478 veut
828 1416 946 1496 qu'elle
970 1416 1014 1478 ait
1039 1415 1088 1478 ete
1117 1415 1287 1496 rapportee

258 1521 406 1583 d'Orient
427 1540 484 1602 par
504 1525 560 1584 des
584 1521 763 1584 chevaliers
784 1521 906 1582 croises
920 1522 959 1582 de
974 1520 1175 1582 Wolhusen.
1197 1520 1287 1582 Dans

259 1647 302 1689 un
317 1629 381 1689 tres
395 1627 492 1689 vieux
505 1627 664 1689 breviaire
679 1627 860 1704 cistercien,
878 1646 918 1688 au
934 1627 1007 1708 jour
1023 1629 1062 1688 de
1079 1627 1109 1687 la
1125 1626 1186 1687 lete
1202 1627 1242 1687 de
1257 1625 1288 1686 la

257 1733 450 1795 translation
466 1735 505 1795 de
518 1733 549 1794 la
566 1733 745 1796 Couronne
762 1751 819 1814 par
834 1731 918 1794 saint
934 1731 1049 1808 Louis,
1067 1750 1110 1792 on
1127 1729 1163 1792 lit
1180 1748 1187 1790 :
1270 1749 1274 1755 ·

292 1931 307 1968 r<
324 1915 391 1970 Una
406 1914 493 1988 spina
512 1895 549 1972 de
569 1915 625 1978 hac
643 1915 765 1970 Corona
783 1905 906 1970 Domini
922 1914 1012 1971 etiam
1028 1912 1182 1972 Wolhusii
1197 1929 1287 1970 vene·

257 2023 348 2068 ratur.
371 2031 383 2064 a

296 2185 337 2246 Et
355 2203 399 2245 on
414 2198 528 2245 trouve
545 2183 574 2246 la
596 2199 682 2246 trace
696 2186 735 2246 de
750 2185 781 2246 la
796 2185 857 2246 fere
873 2187 912 2247 de
928 2185 959 2248 la
976 2186 1086 2248 Sainte
1103 2169 1209 2268 Epine
1230 2190 1287 2250 des

255 2289 285 2350 le
319 2309 349 2350 rr
381 2295 458 2353 aoilt
485 2293 577 2371 1488.
607 2289 653 2354 L'a
680 2293 840 2372 premiere
870 2295 1017 2354 mention
1046 2295 1086 2355 de
1110 2295 1140 2357 la
1162 2295 1286 2377 relique

255 2413 289 2456 se
317 2412 488 2458 renconrre
514 2398 596 2458 dans
625 2398 654 2458 le
679 2397 845 2459 Jahrbuclr
879 2399 940 2460 der
967 2401 1106 2481 Psarrei
1132 2401 1287 2481 Rusmyll

256 2499 575 2583 (Gechichtsfreund,
592 2517 614 2563 t.
636 2503 754 2578 XXVI,
777 2504 884 2584 1871).
909 2505 963 2566 Un
979 2505 1094 2566 ancien
1110 2525 1229 2587 propre
1247 2509 1286 2569 de

255 2605 372 2668 Sursee
400 2606 578 2688 (Jahrbuclr
608 2627 667 2669 von
703 2608 818 2670 Greise
849 2609 1033 2691 Buttislrolz
1066 2612 1148 2672 dans
1176 2613 1280 2674 Kath.

253 2711 587 2793 Schweirer-bla'tter,
610 2727 632 2775 t.
658 2713 722 2785 ΙΙΙ,
750 2713 841 2794 1891,
857 2733 888 2794 p.
907 2715 990 2794 371),
1011 2714 1042 2776 la
1063 2714 1157 2776 serait
1179 2719 1285 2778 meme

253 2832 419 2879 remonter
434 2816 508 2898 plus
526 2817 616 2881 haut.
645 2849 651 2858 ·

293 2921 345 2982 En
378 2921 456 3004 1587
477 2923 525 2983 fut
549 2923 655 3003 eriges
682 2923 713 2983 la
738 2922 899 2984 confrerie
923 2924 962 2984 de
989 2923 1021 2985 la
1038 2905 1282 3007 Sainte-Epioe.

294 3026 338 3087 Le
355 3026 528 3107 reliquaire
553 3027 609 3110 qui
631 3028 662 3089 la
678 3028 837 3088 renierme
863 3043 910 3088 est
931 3029 1065 3089 l'oeuvre
1094 3029 1138 3091 du
1159 3007 1293 3093 celebre

253 3129 379 3192 orlevre
395 3131 625 3209 Munsterrois,
642 3133 773 3194 Ortmar
789 3132 910 3213 Dugel,
922 3153 961 3193 en
988 3130 1067 3194 1688
1084 3134 1103 3195 ¹.
1179 3183 1181 3188 .

288 3314 356 3370 «Ac
372 3331 437 3370 earn
453 3315 548 3372 nostri
560 3315 649 3372 solita
663 3315 844 3372 liberalitate
860 3315 952 3370 sacris
970 3315 1121 3372 donativis
1137 3317 1281 3374 decorare
1294 3328 1386 3374 xirnr

252 3410 397 3478 volentes,
411 3411 449 3466 sd
464 3412 590 3466 eandem
602 3411 727 3484 gloriam
745 3424 773 3467 et
786 3411 933 3466 honorem
950 3410 1165 3483 omnipotentis
1177 3413 1232 3468 Dei
1252 3427 1281 3470 et
1305 3410 1345 3441 *ν’
1355 3411 1373 3442 ⁸·

251 3505 393 3579 gloriosae
407 3505 541 3579 Virginis
557 3506 673 3576 Mariae,
694 3507 750 3562 sub
770 3507 856 3579 cujus
879 3507 969 3564 titulo
991 3487 1128 3564 Ecclesia
1142 3509 1281 3567 dedicata

251 3601 361 3671 existit,
373 3601 569 3674 omniumque
585 3615 759 3668 sanctorum
770 3615 800 3658 et
814 3615 988 3658 sanctarum
1001 3619 1056 3658 nec
1071 3621 1132 3659 uon
1146 3603 1282 3661 fidelium

251 3700 418 3756 eorundem
453 3700 492 3755 ad
526 3698 638 3756 dictam
670 3699 830 3755 ecclesiam
867 3699 1063 3756 devotionem
1098 3703 1281 3774 augendam,

251 3795 456 3868 infrascriptas
472 3796 616 3870 reliquias
640 3797 677 3852 de
704 3795 763 3851 hoc
779 3795 858 3851 alma
878 3796 954 3851 urbe
978 3796 1015 3851 ad
1038 3813 1103 3852 eam
1124 3798 1289 3876 ecclesiam⁸

250 3893 439 3949 decrevimus
466 3893 661 3950 destinandas
684 3912 690 3949 :
716 3911 783 3966 quae
808 3907 877 3950 sunt
896 3893 961 3950 istae
986 3893 1125 3951 videlicet
1142 3914 1148 3948 :
1165 3895 1202 3950 de
1222 3897 1282 3950 Co-

251 3989 354 4046 lumna
365 3991 417 4047 ubi
433 3991 489 4048 luit
504 3990 672 4064 flagellatus
687 3990 835 4046 Dominus
852 3991 964 4062 Noster
977 3990 1064 4046 Jesus
1081 3990 1229 4062 Christus,
1245 3992 1282 4048 de
1359 3993 1362 4010 ¹

285 4195 306 4230 r.
322 4181 568 4249 Renseignements
577 4183 792 4250 communiques
801 4197 851 4249 par
864 4185 899 4234 M.
911 4185 935 4234 le
946 4183 1019 4234 Cure
1030 4185 1064 4235 de
1070 4184 1236 4236 Wolhusen.
