3312 5060
625 477 667 524 ta
692 477 813 524 saturn
836 477 947 524 rauca
1257 459 1300 546 75

271 710 326 784 pit.
356 711 429 767 Erat
448 710 527 767 enim
552 723 677 784 excepta
700 723 869 768 ceterarum
893 711 994 786 specie
1015 712 1198 782 lancearum,
1222 731 1302 770 novo

272 809 405 882 quodam
426 811 518 866 modo
535 827 675 884 novaque
695 810 851 867 elaborata
865 809 971 885 figura,
986 811 1101 868 habens
1120 813 1203 886 juxta
1224 812 1303 868 lum-

272 907 344 963 bum
369 907 503 964 medium
525 908 688 982 utrobique
708 908 864 968 fenestras.
892 911 948 966 Hae
974 928 1029 984 pro
1051 910 1213 985 pollicibus
1233 929 1301 985 per-

271 1004 384 1078 pulcrae
400 1004 468 1062 duae
485 1005 566 1062 acies
587 1024 684 1080 usque
707 1008 744 1063 ad
763 1006 914 1064 declivum
928 1008 1061 1066 medium
1074 1009 1188 1066 lanceae
1201 1019 1301 1064 exten·

271 1103 396 1164 duntur.
415 1105 502 1162 Hanc
516 1105 607 1180 igitur
622 1107 815 1164 Constantini
832 1106 945 1181 Magni,
965 1119 1077 1164 sanctae
1093 1105 1147 1162 filii
1163 1107 1299 1178 Helenae,

271 1201 398 1260 vivificae
424 1202 522 1260 crucis
546 1203 731 1272 inventricis,
752 1203 845 1260 fuisse
867 1203 1038 1276 adfirmant,
1060 1221 1128 1276 quae
1150 1202 1250 1259 media
1270 1202 1301 1258 in

272 1299 368 1374 spina,
382 1319 473 1374 quam
487 1301 625 1358 lumbum
641 1302 780 1376 superius
800 1303 966 1372 nominavi,
982 1320 1018 1358 ex
1040 1301 1142 1368 clavis,
1160 1301 1301 1357 manibus

270 1398 460 1474 pedibusque
493 1399 616 1456 Domini
651 1413 680 1458 et
714 1401 924 1475 Redemptoris
953 1399 1076 1457 Domini
1105 1397 1201 1455 nostri
1229 1397 1301 1454 Josu

270 1497 396 1578 ⁴Curusrr
418 1497 536 1570 adfixis,
554 1515 659 1554 cruces
679 1498 781 1556 habet.
801 1498 965 1555 Heinricus
985 1498 1086 1571 itaque
1106 1513 1168 1566 rex,
1185 1507 1218 1551 ut
1238 1507 1302 1550 erat

271 1593 327 1651 Dei
351 1593 470 1666 timens,
496 1594 651 1669 totiusque
675 1596 830 1670 religionis
853 1611 979 1666 amator,
1005 1595 1109 1652 audito
1137 1592 1301 1651 Rodulfum

270 1705 332 1749 tam
346 1691 547 1749 inestimabile
560 1693 675 1749 donum
688 1693 800 1750 habere
813 1693 933 1766 celeste,
944 1693 1189 1750 nuntiisdirectis
1203 1705 1301 1766 temp-

270 1789 354 1860 tavit,
371 1790 396 1846 si
411 1790 547 1864 proemiis
558 1791 711 1865 aliquibus
724 1791 755 1848 id
770 1805 872 1866 posset
886 1791 1046 1865 adquirere
1060 1791 1179 1864 sibique
1195 1791 1301 1846 adver-

271 1906 322 1945 sus
336 1887 472 1945 visibiles
487 1901 577 1962 atque
592 1889 761 1947 invisibiles
776 1890 880 1947 hostes
890 1907 972 1946 arma
985 1885 1184 1946 invictissima
1199 1887 1303 1944 trium·

270 1985 424 2060 phumque
451 1999 632 2060 perpetuum
662 2003 833 2060 preparare.
859 1987 950 2056 Quod
973 2005 1042 2043 cum
1075 2003 1127 2042 rex
1153 1985 1300 2042 Rodulsus

270 2082 368 2140 modis
379 2083 521 2140 omnibus
534 2101 566 2140 se
582 2101 738 2158 nunquam
754 2097 891 2142 acturum
904 2085 1046 2155 ediceret,
1061 2101 1111 2140 rex
1126 2083 1300 2154 Heinricus‚

270 2181 342 2256 quia
356 2182 474 2239 mollire
490 2183 570 2239 hunc
590 2181 766 2238 muneribus
778 2200 840 2239 non
858 2181 967 2256 potuit,
985 2180 1075 2238 minis
1094 2195 1206 2240 terrere
1222 2200 1301 2255 mag·

269 2298 383 2356 nopere
398 2281 523 2338 curavit.
537 2281 635 2337 Omne
651 2280 762 2354 quippe
779 2297 904 2354 regnum
923 2280 987 2354 ejus
1005 2280 1078 2336 cede
1094 2293 1185 2354 atque
1200 2280 1302 2338 incen-

270 2379 328 2436 diis
352 2395 383 2434 se
408 2377 662 2452 depopulaturum
680 2395 745 2434 esse
764 2377 913 2450 promisit.
929 2378 1008 2446 Quia
1023 2395 1107 2450 ver0,
1124 2378 1206 2451 quod
1219 2389 1301 2449 pete·

270 2478 358 2535 batur
379 2495 490 2533 munus
509 2491 583 2548 erat,
603 2494 664 2550 quo
685 2475 860 2532 coelestibus
879 2489 976 2532 terrea
991 2476 1072 2532 Deus
1091 2477 1299 2550 conjunxerat,

269 2574 346 2649 lapis
366 2573 481 2632 scilicet
501 2575 655 2649 angularis
680 2573 794 2630 faciens
813 2587 940 2648 utraque
958 2593 1063 2647 unum,
1080 2574 1201 2631 Rodulli
1222 2574 1300 2648 regis

270 2691 322 2730 cor
334 2673 492 2744 emollivit,
509 2674 649 2747 justoque
672 2673 733 2748 regi
756 2673 835 2746 justa
856 2673 934 2746 juste
955 2671 1070 2747 petenti
1090 2673 1228 2729 cominus
1243 2685 1301 2730 tra-

269 2771 355 2829 didit.
370 2773 477 2845 Neque
497 2771 576 2827 enim
594 2789 667 2846 pace
686 2785 835 2845 praesente
855 2770 999 2828 simultati
1021 2771 1107 2827 locus
1131 2783 1205 2828 erat.
1223 2773 1299 2828 Nam

269 2881 298 2925 et
310 2886 358 2940 eo,
371 2869 481 2943 quibis
495 2871 656 2928 crucifixus
672 2887 726 2946 est,
743 2891 759 2930 a
773 2873 870 2930 Pilato
884 2873 922 2929 ad
938 2873 1091 2929 Herodem
1107 2884 1298 2946 properante,

268 2965 339 3022 facti
354 2979 424 3023 sunt
437 2966 526 3024 amici
540 2968 571 3024 in
587 2967 638 3024 illa
649 2968 709 3040 die,
721 2969 773 3043 qui
783 2968 867 3043 prius
882 2967 997 3025 inimici
1009 2979 1094 3024 erant
1106 2968 1144 3024 ad
1159 2967 1298 3027 invicem.

269 3067 392 3136 Quanto
415 3082 514 3126 autem
538 3087 640 3127 amore
663 3089 714 3128 rex
736 3069 898 3127 Heinricus
917 3069 1077 3143 praefatum
1097 3065 1299 3126 inestimabile

268 3165 384 3222 donum
403 3166 563 3241 acceperit,
579 3186 648 3224 cum
669 3167 700 3224 in
722 3167 878 3225 nonnullis
895 3168 995 3238 rebus,
1014 3181 1078 3225 tum
1101 3165 1132 3222 in
1150 3166 1207 3222 hoc
1225 3183 1300 3239 prae-

269 3263 372 3320 sertim
384 3263 503 3337 claruit,
514 3267 597 3339 quod
612 3285 675 3322 non
690 3267 789 3323 solum
804 3284 841 3323 eo
856 3267 978 3324 dantem
998 3283 1029 3322 se
1043 3264 1108 3322 auri
1123 3265 1299 3338 argentique

269 3361 456 3434 muneribus,
483 3381 588 3422 verum
617 3365 708 3422 etiarn
735 3366 905 3424 Suevorum
939 3363 1095 3439 provincie
1128 3373 1213 3436 parte
1237 3379 1299 3418 non

269 3458 394 3516 minima
407 3459 567 3519 honoravit
583 3463 601 3518 ¹.
619 3481 631 3514 v

309 3673 396 3736 C’est
414 3690 490 3734 sans
509 3689 636 3732 aucune
658 3668 834 3731 hesitation
851 3688 915 3749 que
939 3687 1024 3729 nous
1048 3664 1300 3741 reconnaisspns

268 3784 350 3846 dans
376 3795 457 3844 cette
486 3779 687 3862 description
716 3781 755 3841 de
785 3779 816 3842 la
838 3779 946 3840 Lance
970 3779 1010 3839 de
1034 3773 1243 3850 Constantio,
1269 3773 1301 3835 la

270 3891 377 3952 Lance
397 3889 436 3949 de
459 3887 544 3949 saint
567 3886 726 3960 Maurice,
748 3887 779 3948 la
801 3886 910 3948 Lance
929 3885 969 3946 de
991 3885 1022 3945 la
1040 3883 1189 3964 Pession,
1207 3883 1299 3944 rede·

304 4186 327 4220 r.
356 4167 519 4235 Luitprandi
552 4165 742 4233 Antapodosis,
824 4164 937 4230 Script„
953 4173 971 4213 t.
989 4162 1034 4226 lll,
1051 4177 1096 4228 pp.
1116 4159 1198 4212 322-3
1222 4157 1245 4209 3.

271 4259 318 4310 lib.
335 4257 379 4322 lV,
394 4271 642 4322 c.xx111-xttv,ap.
658 4256 744 4318 Pertz,
