3314 5052
573 398 616 444 ιι
640 395 763 443 satura
788 394 971 442 courouun
1221 373 1283 460 ¹93

288 631 418 688 «Series
440 629 638 705 reliquiarum
662 627 834 686 sanctarum
853 645 921 702 quae
943 627 975 684 in
994 625 1239 686 walciodorensi
1259 639 1288 685 et

252 727 440 786 Hasteriensi
454 727 590 785 ecclesiis
606 726 806 802 reperiuntur.

292 839 321 882 10
333 827 378 882 De
393 825 507 882 Christi
519 824 677 899 sanguine.

290 937 321 980 20
336 924 379 980 De
395 923 502 982 Matris
518 923 582 998 ejus
597 923 686 982 lacte.

290 1020 319 1076 3ο
335 1022 378 1076 De
394 1019 528 1096 spinensi
541 1020 674 1077 Corona.

288 1129 319 1190 4⁰
335 1118 378 1176 De
394 1119 459 1191 ejus
471 1116 671 1178 vestimentis.

291 1215 321 1272 5⁰
336 1215 380 1272 De
395 1215 540 1290 praesepis
555 1213 708 1272 stramine.

290 1313 373 1382 Quas
397 1311 542 1386 reliquias
565 1323 688 1368 sanctus
710 1311 843 1368 Serenus
867 1310 1040 1386 episcopus,
1061 1311 1113 1386 qui
1132 1307 1164 1368 iri
1185 1315 1292 1370 Haste·

255 1408 347 1466 riensi
363 1409 491 1467 ecclesia
511 1408 685 1483 requiescit,
707 1409 815 1466 detulit
833 1426 850 1464 a
870 1409 1067 1485 ierosolyma,
1084 1411 1193 1468 eodem
1214 1423 1292 1468 tem·

255 1524 330 1580 pore
349 1525 409 1581 quo
430 1520 551 1564 sanctus
572 1509 700 1564 loannes
715 1507 876 1581 episcopus
898 1507 1042 1584 reliquias
1061 1509 1292 1584 protomartyris

258 1603 403 1678 Stephani
416 1603 530 1662 invenit
543 1603 726 1662 revelatione
742 1603 908 1661 divina.
926 1627 941 1656 n

297 1809 392 1872 Nous
416 1807 635 1870 connaissons
652 1806 729 1870 bien
752 1805 989 1870 effectivement
1016 1825 1061 1869 un
1083 1807 1227 1869 loannes
1245 1807 1292 1886 ll,

258 1918 380 1998 eveque
396 1916 435 1977 de
450 1913 643 1993 Jerusalem,
661 1929 748 1976 mort
764 1933 803 1977 en
819 1932 901 1996 4173
919 1911 1001 1976 mais
1027 1931 1063 1974 ce
1086 1931 1178 1990 nom,
1200 1912 1294 1976 n'au-

258 2022 358 2085 rait-il
373 2041 431 2104 pas
453 2020 501 2082 ete
526 2019 744 2102 precisement
766 2019 912 2082 recueilli
932 2021 1014 2083 dans
1028 2019 1058 2082 le
1073 2019 1153 2084 re'cit
1167 2022 1207 2083 de
1223 2020 1295 2086 l'in·

258 2127 393 2190 vention
409 2128 454 2188 du
469 2145 565 2207 corps
581 2128 621 2188 de
637 2107 891 2189 Saint-F'Jtienne
907 2147 947 2190 en
961 2129 1047 2209 415?
1066 2127 1156 2191 Dans
1177 2147 1213 2190 ce
1227 2147 1292 2210 cas,

258 2235 283 2297 il
298 2254 338 2296 ne
354 2231 501 2316 pourrait
513 2252 597 2294 nous
616 2236 682 2295 etre
698 2233 859 2295 d'aucune
875 2233 993 2296 utilite.

300 2340 398 2404 Fisen
427 2340 436 2366 ¹
459 2359 500 2402 au
534 2358 571 2401 ιο
603 2340 750 2418 octobre,
767 2338 829 2402 cite
854 2358 862 2401 :
890 2343 926 2404 S.
953 2342 1098 2405 Serenus
1115 2342 1293 2426 episcopus,

261 2447 379 2531 ignotae
391 2447 593 2510 dioeceseos..
656 2465 664 2524 ;
678 2445 702 2508 il
715 2445 804 2528 parle
825 2447 865 2508 de
885 2446 917 2510 la
932 2449 1087 2530 presence
1102 2449 1142 2511 de
1157 2467 1193 2511 ce
1210 2447 1296 2512 saint

261 2556 409 2618 serenet
423 2553 605 2616 Jerusalem
616 2573 657 2615 en
669 2572 707 2634 4¹
717 2555 746 2630 5,
758 2552 826 2615 lors
837 2553 918 2617 dela
928 2555 1124 2618 decouverte
1137 2556 1181 2618 du
1197 2575 1294 2638 corps

248 2662 301 2722 *de
326 2661 411 2723 saint
435 2640 595 2734 Etienne3
613 2659 695 2721 mais
720 2659 796 2722 c'est
820 2661 971 2745 touj0urs
993 2662 1025 2726 la
1047 2659 1296 2727 meme'source

262 2765 319 2848 qui
333 2765 457 2828 semble
473 2765 564 2828 avoir
579 2766 629 2826 ete
644 2764 839 2848 interrogee.

303 2873 439 2954 D’apres
457 2872 571 2946 Gams,
586 2890 630 2933 un
658 2870 743 2934 saint
764 2871 884 2935 Serene
901 2874 977 2938 etait
997 2877 1120 2958 eveque
1135 2877 1175 2938 de
1191 2875 1298 2938 Maxi·
1395 2895 1398 2902 ’

264 2977 465 3060 mianopolis
479 2997 519 3040 en
529 2981 589 3060 451
603 2995 610 3038 :
625 2977 755 3041 suivant
765 2977 911 3042 l'Oriens
927 2981 1147 3060 Christianus,
1159 2980 1183 3044 il
1197 2977 1298 3044 vivait

264 3105 382 3148 encore
398 3103 438 3146 en
458 3087 533 3166 459.
553 3084 616 3147 Ces
642 3081 823 3147 references
840 3085 1022 3168 paruissent
1041 3107 1087 3150 un
1109 3107 1173 3172 peu
1188 3087 1298 3151 etran-

264 3191 387 3274 gerasa
405 3209 466 3252 nos
480 3190 622 3272 reliques
638 3191 677 3252 de
692 3191 845 3257 Vaulsor.

305 3299 351 3362 Le
371 3299 612 3381 Martyrologe
636 3299 777 3372 romain,
802 3317 861 3380 par
886 3301 1044 3383 exemple,
1071 3300 1128 3363 sait
1150 3298 1299 3362 mention

264 3405 344 3468 d'un
376 3405 461 3468 saint
478 3405 609 3478 Serene,
627 3403 833 3486 choreveque
849 3405 889 3467 de
913 3407 1057 3486 Namur;
1088 3405 1171 3469 mais
1199 3407 1299 3488 Pape-

265 3513 368 3576 brock
381 3511 391 3540 ²
405 3511 532 3576 declare
548 3512 622 3573 n'en
637 3509 708 3572 rien
730 3513 913 3575 connaitre.
936 3512 963 3574 ll
979 3511 1102 3574 semble
1118 3511 1301 3592 cependant

300 3723 322 3758 r.
335 3708 417 3760 Fisen
432 3709 494 3774 (u),
510 3705 609 3758 Floret
622 3705 742 3758 ecclesia
824 3718 904 3770 corps
933 3702 999 3757 erait
1021 3706 1037 3756 l
1067 3705 1208 3758 Beaudras
1231 3703 1301 3770 (voir

266 3795 434 3861 Leodiensr's,
459 3796 570 3856 lusulis,
589 3793 666 3860 1647,
690 3809 738 3860 pp.
822 3792 898 3845 Hisl.
911 3793 945 3845 de
961 3793 1116 3846 Marseille.
1130 3807 1180 3860 par
1191 3791 1300 3859 Ruppe,

266 3884 441 3949 450-451.-
463 3885 577 3950 D'apres
592 3883 684 3935 Collin
708 3883 743 3934 de
824 3881 875 3934 lib.
890 3881 923 3945 X,
938 3897 964 3934 c.
984 3883 1015 3947 1).

267 3973 379 4039 Plancy,
396 3973 468 4024 Dict.
484 3973 532 4024 des
553 3975 680 4039 reliques,
695 3973 742 4038 ΙΙΙ,
856 3985 880 4022 2.
895 3971 965 4022 Acta
983 3970 1081 4024 Sauct.
1104 3970 1193 4038 April.
1208 3969 1255 4034 ΙΙΙ,
1273 3985 1300 4037 p.

268 4077 294 4128 p.
310 4077 355 4130 77,
365 4061 437 4112 saint
448 4062 549 4113 serene
560 4059 626 4112 etait
638 4061 743 4127 eveque
824 4059 886 4126 820,
904 4075 934 4111 n.
953 4059 981 4110 h.

267 4150 301 4202 de
315 4150 454 4202 Mersellle
465 4165 500 4203 au
519 4161 557 4201 vr·
572 4149 666 4202 siecle.
688 4149 743 4200 Son
