3312 5060
633 489 677 552 tn
699 506 820 552 santra
843 507 953 553 rauca
1247 487 1307 554 105

283 741 403 816 populis
430 741 589 816 utriusque
618 759 717 813 sexus,
745 759 864 800 necnon
892 754 921 799 et
948 741 1175 815 pontificalibus
1197 741 1311 800 indutis

283 839 469 897 diversarum
483 840 680 898 ecclesiarum
692 839 874 914 pastoribus,
889 838 1012 913 insuper
1025 852 1086 896 tam
1100 831 1311 913 religiosorum

284 955 375 1013 quam
390 938 570 996 clericorum
581 937 773 1008 secularium,
787 954 848 993 non
859 936 956 994 solum
967 936 1135 994 decivitate
1148 935 1311 994 Parisiensi

284 1040 381 1097 sedet
396 1039 433 1095 de
448 1035 744 1110 adjacentibuslocis
759 1034 1055 1109 congregationibus,
1067 1035 1152 1092 adest
1167 1034 1310 1092 intereos

284 1151 314 1195 et
327 1150 431 1194 noster
441 1135 538 1194 David
549 1151 600 1191 rex
611 1134 795 1204 Ludovicus,
808 1151 868 1190 non
877 1133 1015 1208 precioso
1026 1145 1055 1189 et
1068 1131 1219 1190 eminente
1233 1149 1311 1206 equo

284 1235 454 1306 subvectus,
468 1251 528 1290 non
543 1231 674 1308 phaleris
689 1232 863 1302 adornatus,
875 1231 928 1287 sed
941 1232 1032 1305 pedes
1046 1231 1189 1288 incedens
1205 1243 1234 1288 et
1248 1229 1310 1287 dis-

284 1332 418 1390 calciatis
440 1331 580 1407 pedibus,
605 1330 691 1404 quasi
717 1328 839 1386 archam
864 1329 986 1386 Domini
1003 1330 1035 1386 in
1055 1328 1207 1386 civitatem
1225 1345 1311 1385 suam

286 1430 487 1487 Parisiensem
508 1448 576 1486 cum
591 1429 702 1504 gaudio
716 1443 787 1484 mox
805 1426 961 1484 ducturus.
976 1425 1232 1500 Congregatisque
1245 1444 1310 1482 om-

284 1527 374 1584 nibus
390 1529 398 1555 ¹
413 1529 451 1584 ad
475 1527 576 1584 locum
598 1525 732 1602 predicte
752 1525 917 1582 ostensioni
937 1539 1085 1598 paratum,
1108 1524 1141 1581 fit
1163 1523 1311 1581 exortatio

284 1625 499 1700 predicationis
519 1627 556 1682 ad
575 1625 731 1700 populum,
748 1623 853 1696 inqua
872 1623 1003 1680 breviter
1022 1634 1210 1679 ammonetur
1229 1639 1311 1678 com-

284 1720 446 1779 missorum
470 1723 575 1780 sordes
603 1722 757 1794 detergere
782 1733 976 1794 peccatorum
995 1733 1025 1778 et
1048 1739 1065 1776 a
1088 1719 1310 1776 committendis

283 1832 443 1889 precavere
472 1817 502 1874 in
530 1831 694 1892 posterum,
724 1836 761 1876 ne
791 1821 873 1893 juxta
901 1819 1111 1893 propheticum
1141 1834 1311 1876 sermonem

286 1935 299 1966 a
314 1914 379 1971 dies
393 1914 461 1974 festi
476 1915 522 1972 sui
537 1930 752 1975 convertantur
766 1917 797 1974 in
811 1918 927 1974 luctum
940 1917 950 1943 ²
970 1939 994 1972 a,
1012 1916 1111 1973 Finita
1127 1915 1228 1989 itaque
1243 1933 1311 1989 pre-

285 2011 445 2085 dicatione,
461 2013 680 2088 pretiosissima
703 2015 754 2072 illa
776 2014 936 2089 margarita
960 2027 993 2072 ut
1009 2015 1046 2069 ab
1061 2013 1202 2071 omnibus
1217 2012 1311 2071 videri

285 2110 382 2168 valeat
391 2111 556 2169 honorifice
567 2130 620 2186 per
630 2111 690 2169 loci
701 2112 848 2169 ambitum
861 2111 1081 2180 circumfertur,
1091 2112 1177 2185 cujus
1187 2123 1312 2186 aspectu
1394 2107 1397 2114 '

285 2210 365 2266 oculi
380 2210 514 2266 omnium
526 2210 704 2268 mirabiliter
713 2209 910 2281 delectantur,
922 2227 956 2266 ac
971 2209 1207 2283 circumquaque
1220 2207 1312 2263 devo-

285 2306 376 2364 tionis
395 2307 502 2382 spiritu
518 2307 658 2364 concitati
675 2325 781 2364 manus
796 2307 827 2363 in
842 2307 940 2362 celum
955 2307 1150 2381 protendunt,
1166 2318 1195 2362 et
1211 2303 1313 2361 debita

284 2403 448 2478 gratiarum
468 2405 570 2461 munia
582 2405 789 2478 persolventes
807 2423 863 2479 pro
878 2404 989 2461 collato
1005 2403 1063 2460 sibi
1076 2403 1183 2460 celitus
1198 2400 1311 2460 benefi-

285 2501 342 2573 cio,
358 2501 518 2558 Dominum
532 2501 724 2559 benedicunt.
734 2502 852 2572 Quibus
863 2501 905 2558 ita
917 2501 1020 2576 gestis,
1031 2501 1181 2558 universis
1191 2500 1314 2557 clerico-

286 2616 351 2654 rum
363 2617 397 2656 ac
413 2599 623 2673 religiosorum
638 2599 739 2656 choris
761 2599 993 2675 precedentibus
1008 2617 1042 2656 ac
1058 2599 1209 2658 civitatem
1228 2599 1313 2655 Pari-

286 2696 416 2754 siensem
444 2714 512 2752 cum
536 2711 626 2755 cantu
650 2711 679 2755 et
702 2697 842 2772 hympnis
866 2698 1114 2773 ingredientibus,
1141 2715 1259 2754 necnon
1285 2709 1313 2753 et

286 2793 393 2850 ceteris
416 2805 478 2850 tam
497 2792 650 2850 nobilibus
675 2812 765 2868 quam
790 2795 857 2852 aliis
880 2796 932 2870 qui
953 2796 1107 2854 turmatim
1131 2797 1314 2853 advenerant

285 2908 354 2947 cum
366 2891 560 2948 luminarium
575 2891 798 2966 multiplicitate
814 2906 843 2950 et
857 2893 982 2951 laudum
997 2893 1200 2951 immensitate
1220 2893 1313 2951 comi-

285 2988 429 3058 tantibus,
443 3006 494 3045 rex
508 2989 572 3062 ipse
591 2989 785 3046 discalciatus
800 2990 953 3059 incedens,
971 3005 1000 3048 et
1017 2992 1168 3048 Coronam
1183 2990 1315 3048 domini-

286 3103 351 3142 cam
367 3087 397 3143 in
410 3085 542 3144 humeris
558 3087 621 3144 suis
635 3100 765 3160 gestans,
779 3087 933 3146 humiliter
944 3102 973 3146 et
987 3090 1094 3147 devote
1108 3090 1314 3164 subsequitur,

286 3183 390 3258 sicque
405 3203 473 3241 cum
485 3185 593 3260 plausu
615 3184 751 3242 omnium
773 3187 811 3242 ad
832 3185 926 3260 ipsius
951 3187 1030 3261 regis
1045 3188 1189 3262 palatium
1205 3189 1316 3262 depor-

285 3295 366 3340 tatur
388 3281 441 3339 ubi
462 3282 493 3338 in
507 3282 518 3314 ³
532 3280 672 3339 edificata
690 3300 751 3338 non
773 3284 868 3341 multo
891 3298 960 3358 post
979 3303 1034 3359 per
1063 3286 1194 3342 eundem
1215 3303 1316 3360 regem

287 3381 421 3452 basilica,
436 3379 575 3454 precioso
595 3394 724 3439 scemate
746 3395 931 3455 constructa,
946 3383 1115 3441 honorifice
1136 3399 1314 3442 reservatur.

322 3477 417 3553 Igitur
431 3495 500 3534 cum
514 3477 647 3552 prefatus
660 3478 706 3535 vir
716 3479 842 3537 illustris
857 3480 1034 3553 Balduinus‚
1048 3482 1085 3538 de
1101 3500 1162 3556 quo
1178 3483 1316 3557 superius

286 3588 399 3633 tactum
422 3589 477 3647 est,
500 3575 572 3634 dicti
595 3576 673 3650 regis
695 3577 950 3652 consanguineus,
976 3579 1093 3654 imperii
1120 3580 1166 3636 sui
1191 3580 1317 3654 negocia

287 3672 414 3730 sollicite
437 3691 620 3748 promovens
642 3687 670 3732 et
690 3691 867 3750 procurans,
888 3677 987 3734 adhuc
1005 3677 1036 3734 in
1051 3678 1179 3736 Francia
1202 3695 1316 3734 moram

288 3769 408 3842 faceret,
424 3772 582 3829 attendens
592 3772 722 3830 eundem
735 3791 848 3848 regem,
861 3793 897 3832 ex
913 3775 1074 3833 collatione
1090 3777 1211 3834 Corone
1226 3795 1317 3850 quam

288 3871 314 3926 ei
330 3871 451 3943 iecerat,
468 3883 496 3928 et
511 3887 580 3944 erga
596 3872 693 3928 Deum
704 3873 872 3930 devotionis
886 3873 991 3931 intime
1003 3873 1151 3932 fervorem
1162 3888 1191 3933 et
1203 3892 1273 3949 erga
1286 3893 1317 3933 se

287 3967 460 4025 dilectionis
474 3967 617 4042 precipue
632 3968 851 4044 plenitudinem
868 3971 1055 4045 concepisse,
1075 3971 1191 4028 addidit
1206 3973 1316 4046 ipsum,

323 4187 344 4221 r.
360 4169 419 4223 Fol.
437 4188 484 4240 172
496 4181 536 4236 νο,
549 4175 600 4224 col.
615 4173 640 4223 b.
877 4174 900 4226 3.
917 4194 929 4224 a
942 4176 995 4228 Ubi
1008 4187 1048 4229 est
1059 4177 1184 4231 edificata
1197 4199 1209 4224 v
1222 4179 1318 4245 [Char-

321 4275 345 4312 2.
358 4261 428 4314 Tob.
441 4261 507 4323 11,6.
845 4265 956 4330 leville].
