3314 5052
610 471 653 516 La
678 469 799 517 SAINTE
823 465 1003 514 COURONNE
1257 462 1319 510 221

296 706 394 777 cheni,
409 703 621 779 gubernatoris
635 701 763 759 ecclesie
775 699 988 758 olomucensis
1002 698 1136 774 sigillat,
1151 696 1325 772 quamidem

295 802 444 860 Dominus
461 800 637 858 Patriarcha
659 799 697 856 ad
712 798 824 856 dictam
838 797 1074 854 Olomucensem
1089 795 1249 864 ecclesiam
1268 811 1324 851 no-

294 901 371 958 viter
386 899 470 956 dedit
484 911 513 956 et
528 897 653 954 donavit
670 919 682 950 u
698 897 717 952 ¹.
1193 888 1195 894 ’

333 1076 525 1142 Wenceslas
548 1075 624 1138 etait
646 1095 684 1137 en
707 1076 787 1157 1398
804 1075 988 1139 chancelier
1004 1077 1043 1137 de
1057 1069 1249 1137 Wenceslas
1264 1071 1323 1146 Vl,

296 1183 346 1246 roi
365 1185 404 1245 de
426 1183 573 1245 Bolreme
599 1181 650 1243 :il
674 1181 773 1244 vivait
794 1199 913 1244 encore
933 1200 973 1262 en
999 1199 1079 1262 1409
1100 1198 1108 1240 ε
1134 1180 1163 1241 le
1184 1194 1267 1242 texte
1287 1180 1327 1240 de

296 1287 498 1351 l'inventaire
517 1286 724 1350 autoriserait
744 1307 883 1370 presque
903 1289 922 1350 it
940 1285 1044 1348 croire
1071 1284 1169 1366 qu'en
1198 1287 1276 1366 1413
1304 1283 1328 1346 il

297 1395 373 1456 etait
387 1413 506 1457 encore
521 1394 631 1456 vivant
646 1413 690 1456 ou
715 1409 801 1456 mort
816 1393 932 1475 depuis
960 1393 1024 1455 tres
1052 1411 1116 1473 peu
1141 1393 1181 1452 de
1209 1407 1326 1472 temps,

298 1501 453 1582 puisqu'il
468 1521 486 1562 a
500 1501 611 1563 donne
634 1482 764 1581 l'Epine
779 1501 919 1562 noviter.
937 1500 964 1562 ll
979 1515 1038 1573 est,
1055 1501 1083 1581 je
1094 1501 1193 1572 crois,
1206 1497 1327 1581 permis

297 1607 338 1668 de
372 1627 532 1688 supposer
566 1607 686 1687 qu'une
724 1606 830 1687 epine,
867 1605 978 1669 offerte
1004 1626 1061 1688 par
1089 1607 1119 1668 le
1148 1603 1329 1687 patriarche

297 1713 505 1792 d'Antioche,
522 1713 630 1774 venait
642 1713 682 1774 de
696 1712 938 1776 Terre-sainte.

337 1924 449 1986 Est-ce
465 1924 483 1985 a
503 1923 696 2002 Jerusalem,
713 1938 815 1984 est-ce
835 1923 852 1984 a
868 1921 1143 2004 Constantinople
1158 1923 1238 2004 qu'il
1254 1941 1331 1984 con·
1346 1931 1554 1980 vic-muroena

298 2029 386 2090 vient
397 2031 436 2090 de
449 2030 608 2091 rattacher
623 2044 705 2091 cette
724 2028 838 2110 epinc?
864 2029 891 2089 ll
907 2043 954 2090 est
978 2027 1111 2090 difficile
1134 2031 1174 2091 de
1188 2027 1329 2092 decidet.

340 2135 387 2197 La
402 2135 497 2197 Bulle
512 2134 734 2197 d'institution
757 2133 800 2194 du
815 2134 971 2214 Chapitre
987 2134 1026 2196 de
1047 2134 1078 2196 la
1098 2132 1268 2214 collegiale
1293 2131 1332 2192 de

299 2237 583 2317 Vic-le-Vicomte,
598 2239 749 2320 octroyde
771 2239 801 2300 le
830 2253 870 2299 1er
884 2238 990 2318 juillet
1009 2241 1084 2300 1511
1105 2257 1161 2319 par
1180 2236 1272 2299 Leon
1291 2237 1331 2314 X,

302 2364 343 2405 au
359 2344 423 2405 duc
441 2344 625 2423 d’hlbanie,
650 2346 730 2408 Jean
755 2346 876 2422 Stuart,
897 2359 927 2406 et
951 2345 968 2405 a
988 2363 1023 2406 sa
1040 2344 1159 2406 femme
1177 2348 1273 2405 Anne
1295 2342 1334 2403 de

304 2449 487 2530 Boulogne,
506 2469 591 2510 nous
606 2448 710 2511 revele
730 2469 770 2510 en
793 2448 866 2510 effet
882 2449 1091 2532 simplement
1113 2449 1297 2510 l'existence
1317 2449 1336 2509 ὰ

1416 2003 1482 2048 1511.

302 2571 383 2617 cette
402 2557 487 2632 date,
504 2557 585 2618 dans
601 2557 673 2618 leur
688 2557 834 2638 chapelle
858 2557 897 2618 de
911 2556 1108 2630 saint-lean,
1126 2555 1335 2636 aujourd’hui

302 2661 401 2742 &glise
429 2661 618 2742 paroissiale
640 2663 679 2724 de
701 2678 783 2724 cette
806 2662 903 2744 petite
926 2663 1103 2743 bourgade,
1124 2661 1222 2722 d'une
1241 2661 1336 2743 ipine

303 2767 360 2848 qui
380 2767 464 2828 avait
479 2769 528 2829 ete
543 2773 696 2849 apportee
712 2789 770 2850 par
788 2768 835 2831 les
851 2771 997 2831 atacetres
1011 2769 1056 2830 du
1072 2770 1136 2830 duc
1151 2767 1335 2841 d’Albanie,

303 2872 465 2935 d'au-deli
478 2857 536 2935 des
555 2893 651 2935 mers.

341 3107 353 3138 r
359 3127 413 3142 .....
430 3085 471 3158 Ut
483 3084 600 3157 praesati
616 3085 684 3140 Dux
698 3084 879 3144 et'Ducissae
895 3088 1019 3160 cupiant
1035 3089 1065 3145 in
1082 3087 1211 3162 quadam
1223 3086 1339 3162 capelle

305 3184 361 3238 sub
377 3179 528 3238 vocabulo
551 3181 654 3236 Sancti
675 3183 798 3238 loannis
816 3184 959 3256 Baptistae
974 3186 1052 3242 intra
1067 3203 1172 3241 eorum
1193 3185 1339 3258 palatium

305 3291 356 3334 aut
370 3278 547 3334 fortalitium
558 3279 693 3352 ejusdem
706 3281 809 3354 oppidi
825 3283 981 3354 existente,
997 3283 1026 3338 in
1041 3301 1100 3356 qua
1113 3300 1173 3338 una
1189 3301 1225 3339 ex
1245 3282 1339 3356 spinis

306 3373 436 3428 Coronae
449 3374 570 3430 Domini
586 3375 691 3431 Nostri
701 3377 714 3432 J
720 3377 793 3432 hesu
806 3377 929 3449 Christi,
945 3391 974 3435 et
989 3378 1091 3434 multae
1103 3378 1169 3435 aliae
1184 3379 1340 3436 venerabi·

305 3467 349 3523 les
367 3469 502 3542 reliquiae
517 3463 658 3545 gloriosae
672 3473 803 3546 Virginis
819 3475 923 3530 Mariae
939 3489 967 3531 et
979 3476 1206 3547 nonnullorum,
1220 3493 1340 3532 necnon

306 3565 344 3620 de
359 3566 455 3641 Ligno
477 3582 589 3626 sanctae
606 3571 712 3626 Crucis
730 3572 869 3644 quaedam
885 3591 953 3646 pars
970 3591 1038 3646 quae
1054 3592 1070 3629 a
1084 3574 1249 3646 majoribus
1264 3591 1340 3647 prae-

307 3661 519 3721 decessoribus
530 3667 680 3722 dictorum
693 3668 785 3725 Ducis
797 3683 825 3726 et
837 3669 1152 3742 Ducissae,apartibus
1163 3670 1242 3726 ultra
1253 3669 1341 3726 mari-

305 3757 353 3814 nis
372 3771 583 3834 transportatae
605 3765 727 3838 tuerint,
747 3765 779 3821 in
798 3767 928 3822 maxima
948 3767 1114 3825 reverentia
1141 3767 1291 3824 habentur
1312 3779 1341 3823 et

306 3857 530 3930 custodiuntur,
543 3860 679 3918 divinum
693 3863 1029 3938 cultum‚decoremque
1045 3877 1074 3921 et
1084 3875 1275 3922 venustatem
1286 3880 1340 3919 au·
1378 3939 1380 3944 Ι

305 3951 367 4025 geri
372 3995 424 4010 .....
437 3977 451 4007 u
468 3957 622 4035 (Archives
637 3959 816 4030 nationales,
834 3962 860 4016 J.
881 3961 961 4031 1130,
979 3972 1010 4017 n⁰
1024 3962 1082 4034 25).

342 4194 365 4230 t.
385 4181 581 4249 Notizenblatt,
600 4195 621 4236 t.
641 4186 663 4236 ll
680 4186 832 4253 (1852),pp.
855 4188 978 4252 148·150.
