3312 5060
595 435 637 480 aa
663 433 785 480 snrrtrn
805 433 915 480 tanen
1225 412 1267 500 93

245 671 451 727 conservanda
470 670 501 726 in
521 669 705 728 monasterio
720 670 919 740 Abendoniae,
935 687 1002 744 quae
1019 687 1114 742 usque
1134 668 1225 725 hodie
1239 667 1271 724 in

247 766 352 823 eodem
367 765 550 823 monasterio
563 778 790 824 conservantur.
807 787 819 818 u

286 971 392 1048 Ainsi,
409 973 589 1054 tl’epoque
600 971 866 1052 delaredaction,
882 991 925 1033 on
941 969 1140 1033 connaissait
1156 991 1273 1034 encore

246 1080 292 1141 les
313 1080 503 1162 reliquaires
518 1097 548 1142 et
562 1081 608 1144 les
621 1081 761 1163 reliques
774 1082 901 1142 donnes
916 1099 973 1162 par
988 1081 1170 1144 Athelstan.

288 1186 460 1250 L’e'diteur'
473 1187 581 1269 ajoute
603 1189 621 1249 a
642 1207 677 1249 ce
702 1202 784 1250 texte
805 1207 869 1248 une
889 1202 965 1248 note
992 1207 1032 1248 :tt
1052 1188 1087 1250 In
1105 1187 1170 1248 this
1185 1205 1273 1248 same

248 1295 448 1378 manuscript
469 1297 596 1378 (Cotton
616 1315 677 1358 ms.
708 1295 857 1358 Vitellius
874 1300 914 1357 A.
940 1295 1035 1376 XIII)
1058 1309 1089 1355 at
1112 1293 1171 1355 fol⁰
1186 1293 1226 1354 88
1241 1293 1271 1353 b.

248 1421 363 1465 occurs
379 1404 515 1466 another
529 1404 583 1466 list
598 1404 636 1466 of
646 1403 736 1465 these
756 1419 914 1484 presents,
928 1402 1037 1464 which
1052 1421 1127 1483 may
1143 1402 1181 1462 be
1197 1401 1273 1462 here

247 1510 417 1594 appended
432 1529 467 1572 as
481 1508 675 1572 illustrative
691 1509 728 1571 of
737 1509 791 1570 the
813 1525 888 1571 text.
908 1534 922 1564 n

285 1773 296 1804 a
315 1751 373 1807 Hic
388 1752 586 1823 [Eadwardus
600 1753 661 1824 rex]
680 1764 808 1824 quatuor
823 1750 929 1806 habuit
943 1749 1031 1806 filias.
1047 1749 1145 1805 Unam
1160 1747 1275 1806 Othoni

248 1848 422 1922 imperatori
448 1849 542 1919 dedit,
566 1849 655 1905 allam
680 1849 799 1905 cuidam
824 1848 893 1904 duci
915 1866 1009 1922 prope
1030 1847 1131 1922 Alpes,
1156 1845 1276 1904 tertiam

250 1948 405 2005 Ludovico
427 1947 556 2022 priocipi
579 1948 761 2022 Aquitaniae,
779 1961 917 2022 quartam
940 1947 1064 2021 Ilugoni
1086 1948 1191 2021 Capet,
1214 1947 1275 2020 regi

249 2044 445 2102 Francorum.
468 2047 541 2120 Regi
561 2046 652 2121 igitur
674 2047 849 2116 Edelstan0,
870 2046 952 2119 apud
965 2045 1177 2102 Abendoniam
1196 2045 1276 2100 eris-

248 2141 321 2198 tenti
337 2141 418 2198 misit
432 2159 484 2198 rex
503 2143 689 2198 Francorum
708 2142 797 2215 Hugo
818 2141 914 2214 Capet
928 2141 1152 2214 preciosissima
1171 2141 1276 2197 exenia

248 2251 277 2294 et
296 2239 385 2310 dona,
408 2239 523 2296 scillcet
544 2258 551 2294 z
573 2239 717 2296 Aromata
740 2239 841 2312 qualia
866 2257 1020 2312 nunquam
1041 2239 1071 2294 in
1090 2239 1198 2312 Anglia
1213 2239 1276 2295 visa

248 2334 375 2406 fuerant,
393 2338 588 2410 sm[arag]das
609 2337 773 2410 preciosas,
792 2354 887 2410 equos
909 2335 1161 2408 preciosissimus,
1184 2337 1275 2407 anlti·

248 2436 353 2508 qulum
371 2452 421 2492 vas
442 2435 595 2508 quoddam
611 2453 648 2491 ex
666 2435 811 2492 onichino
829 2435 1007 2492 mirabiliter
1024 2448 1053 2492 et
1074 2435 1275 2509 perlucidum,

248 2549 350 2588 ensem
370 2532 563 2589 Constantini
583 2533 696 2606 Magni,
722 2533 753 2590 in
773 2533 858 2607 cujus
887 2531 997 2606 capulo
1020 2549 1110 2606 super
1132 2532 1276 2589 laminam

248 2630 312 2685 auri
328 2648 396 2704 pars
412 2631 550 2704 quaedam
570 2629 646 2687 clavi
670 2628 758 2686 ferrei
778 2628 869 2684 inlita
890 2643 964 2699 erat,
989 2647 1056 2701 quae
1076 2628 1191 2686 scillcet
1213 2642 1276 2685 erat

249 2726 395 2799 particula
406 2727 442 2784 de
454 2727 546 2784 clavis
558 2726 691 2797 Domini,
705 2727 840 2783 lanceam
855 2726 955 2782 Caroli
970 2726 1082 2800 Magni,
1096 2744 1163 2800 quae
1176 2725 1276 2782 Domi-

249 2823 317 2880 nico
332 2825 418 2882 lateri
433 2823 563 2900 impacta
577 2839 651 2895 erat,
666 2825 807 2882 vexillum
829 2825 907 2882 beati
926 2824 1071 2894 Mauritii,
1087 2825 1226 2881 diadema
1241 2841 1277 2880 ex

248 2939 322 2978 auro
333 2936 362 2979 et
375 2924 499 2998 gemmis
513 2923 690 2980 mirabiliter
705 2923 911 2990 fabrefactum,
929 2923 1107 2996 partIcuIam
1120 2923 1158 2979 de
1174 2935 1276 2980 sancta

248 3037 346 3090 cruce,
361 3039 452 3078 unam
467 3022 602 3096 spineam
618 3023 654 3078 de
670 3040 783 3079 corona
799 3021 931 3094 Domini,
943 3053 978 3063 -
992 3035 1108 3095 partem
1127 3021 1225 3078 crucis
1247 3035 1277 3078 ct

249 3116 366 3190 spinam
380 3119 417 3174 de
430 3137 542 3176 corona
561 3118 809 3175 Malmesburiam
822 3117 986 3192 delegavit;
999 3117 1180 3190 particulam
1196 3119 1233 3174 de
1251 3137 1274 3174 s.

249 3213 341 3270 clavis
357 3233 424 3290 quae
439 3229 503 3274 erat
514 3216 546 3272 ln
566 3216 674 3291 capulo
690 3215 780 3283 ensis,
805 3214 907 3271 abbati
923 3215 1091 3272 Godescale
1114 3215 1207 3288 dedit,
1224 3215 1276 3289 qui

248 3329 319 3372 tunc
334 3317 428 3372 abbas
443 3328 508 3372 erat
522 3313 743 3371 Abbendoniae.
757 3335 769 3364 t>

289 3547 354 3609 Des
376 3547 407 3608 Ia
430 3546 589 3628 premiere
613 3546 712 3628 ligne,
738 3546 768 3608 Ia
783 3546 918 3628 parfaite
940 3548 1167 3610 concordance
1188 3563 1277 3608 entre

248 3673 283 3715 ce
297 3673 447 3715 nouveau
461 3669 543 3715 texte
561 3668 591 3714 et
606 3653 636 3714 le
649 3673 783 3736 passage
799 3655 838 3715 de
855 3653 1045 3716 Guillaume
1064 3655 1102 3715 de
1120 3653 1278 3716 Malmes-

249 3761 332 3842 bury
361 3780 400 3822 ne
424 3777 501 3842 peut
530 3780 614 3822 nous
640 3761 810 3844 echapper.
846 3761 954 3823 Meme
980 3759 1147 3833 tradition,
1173 3765 1279 3824 meme

248 3865 475 3929 enumeration
505 3869 586 3929 dans
614 3867 643 3928 Ie
670 3871 777 3928 meme
811 3869 917 3947 ordre,
950 3871 1072 3928 memes
1107 3865 1277 3947 epithetes,

248 3977 354 4035 meme
378 3974 469 4056 place
492 3977 635 4057 occupes
660 3994 718 4057 par
739 3974 785 4036 les
811 3975 896 4036 dons
922 3974 1198 4055 amatmesbury.
1224 3974 1279 4037 On

247 4081 393 4162 pourrait
412 4081 554 4163 objectet
574 4101 637 4163 que
655 4081 844 4146 Guillaume
863 4101 902 4142 ne
922 4080 1045 4162 signale
1061 4100 1118 4162 pas
1134 4105 1149 4136 t
1166 4081 1279 4144 Aliam

247 4188 375 4250 cuidam
390 4188 466 4250 duci
477 4208 581 4270 prope
595 4191 696 4270 Alpes
713 4213 739 4249 ».
756 4189 835 4252 Cela
850 4205 896 4250 est
908 4187 996 4264 vrai3
1015 4187 1095 4248 mais
1113 4186 1163 4248 s’il
1180 4189 1279 4250 n’em-
