3312 5060
593 467 636 512 tn
660 465 782 513 snrnrn
805 464 916 512 testes
1212 441 1274 510 113

243 709 317 769 ναοῖς
330 703 438 769 ἐκείνοις
457 706 547 778 θαῦμα
565 701 671 781 γόγονεν
693 699 819 778 οὐδαμῶς
839 701 935 758 καὶτὰ
961 699 1150 782 ματτνοχθίντα
1162 699 1279 758 ίνττῦθεν

241 809 352 887 λείψανα
359 817 414 868 τῶν
426 809 509 890 όγίων
520 807 607 867 οὖκίτι
618 813 816 889 θαυματουργεῑ
825 828 832 841 ·
840 809 884 865 καί
895 815 1025 888 μαρτυρεῖ
1035 808 1069 864 τὰ
1080 806 1160 864 eiciet
1170 807 1279 883 κείμενα

243 917 269 974 ίν
285 923 320 996 τῇ
340 917 456 998 Ἠπείρῳ
473 937 480 950 ·
497 917 547 974 όσα
573 914 601 974 θὶ
621 917 768 998 ἇπολτίρθη
786 917 958 988 λανθάνοντα,
979 916 1011 973 οὐ
1026 915 1155 974 διαλείπει
1174 918 1279 990 θαυμα-

242 1031 405 1107 τουργοῦντσ
419 1025 457 1090 ὡς
478 1022 505 1092 ἐξ
520 1025 609 1106 ἀρχῆς
625 1047 632 1061 ·
650 1026 687 1089 ὡς
699 1025 730 1082 τὸ
750 1032 801 1096 τῆς
824 1023 956 1104 παρθένου
980 1022 1119 1089 θεοθοσίας
1140 1023 1278 1100 λείψανον,

245 1136 282 1200 ὡς
294 1135 328 1192 τὰ
342 1138 396 1190 τῶν
418 1131 502 1211 ἁγίων
517 1131 668 1208 Εόδοκίμου
683 1133 728 1189 καὶ
749 1132 861 1212 Μιχαήλ
878 1150 884 1163 ·
902 1133 946 1188 καί
968 1136 1037 1210 σιγῶ
1061 1131 1141 1212 ράναι
1153 1130 1184 1187 τό
1204 1129 1278 1205 eves}

245 1247 379 1318 Δαμασκῷ
394 1237 590 1315 ἐκόλυζόμενον
613 1239 700 1298 ἔλαιον
722 1241 787 1320 ὑπὲρ
803 1240 883 1318 λόγον
905 1239 935 1296 ἐκ
947 1247 997 1310 τῆς
1016 1239 1118 1304 τίκόνος
1140 1245 1189 1309 τῆς
1208 1237 1279 1294 οὕτω

243 1349 414 1424 καλουμένης
441 1349 612 1427 σαγττανόγια
627 1366 634 1382 ·
650 1349 681 1406 τό
710 1347 736 1404 ἐν
763 1352 797 1424 τῇ
823 1347 1002 1424 Θεσσαλονίκῃ
1017 1343 1166 1426 κρουνηθόν
1180 1365 1279 1424 προεκ-

245 1453 378 1535 χτόμενον
403 1453 487 1533 μόρον
501 1453 574 1532 παρὰ
607 1458 654 1510 τοῦ
682 1451 774 1517 καλῶς
802 1451 828 1509 ἐν
860 1453 972 1531 μάρτυσι
999 1451 1153 1528 λάμποντος
1181 1460 1280 1526 Δημη-

243 1561 330 1640 τρίου,
347 1560 378 1616 τό
392 1558 418 1615 ἐν
430 1564 465 1635 τῇ
483 1557 670 1638 Ἐλλθθιπρὸς
682 1565 729 1616 τοῦ
745 1559 823 1638 ἁγίου
839 1556 978 1640 Βαρόοίρου
996 1557 1167 1636 ποταμηδόν,
1183 1559 1227 1614 καί
1247 1559 1279 1614 τό

244 1665 271 1722 ἐν
285 1667 319 1743 τῇ
333 1666 462 1745 Δίγόπτῳ
477 1663 613 1742 βάλσαμον
627 1664 654 1722 ἐν
675 1670 709 1742 τῇ
723 1671 770 1723 τοῦ
790 1666 919 1741 όνόματος
941 1671 988 1722 τοῦ
1004 1665 1139 1724 ἑποιλόσοι
1153 1663 1184 1722 όκ
1196 1669 1279 1745 φυτοῦ

244 1770 437 1848 όξαντλοόμενα
449 1772 483 1830 τὰ
496 1773 564 1852 πρὸς
576 1779 625 1846 τῆς
640 1770 815 1852 Ὀδηγητρίας
830 1769 863 1829 δι’
879 1772 942 1830 όλου
956 1772 1001 1830 καί
1023 1779 1074 1844 τῆς
1094 1767 1280 1851 θαυματοόρό-

242 1903 290 1938 του
304 1887 399 1959 Πηγῆς
411 1881 456 1938 καὶ
469 1886 517 1938 τοῦ
530 1881 607 1938 Θιίου
622 1879 782 1961 Προθρόμου
795 1889 845 1953 τῆς
858 1881 960 1961 Πέτρας
976 1879 1134 1958 τελούμενα.

338 2013 461 2079 [losephi
476 2013 606 2080 Bryennii
620 2012 710 2080 Opera
733 2027 793 2080 quoe
803 2019 957 2081 supersunt,
969 2014 1042 2065 edid.
1056 2014 1207 2082 Eugenius,
1222 2016 1280 2066 die-

305 2103 403 2153 conius
415 2101 552 2168 Bulgaris‚
564 2102 686 2169 Leipzig,
700 2102 900 2170 Breitkopsius,
918 2102 1076 2185 1768-1184,
1091 2115 1110 2157 t.
1125 2103 1158 2168 11,
1175 2121 1202 2170 p.
1219 2105 1276 2172 35.]

289 2326 363 2384 «Ἔτι
385 2330 403 2398 ἡ
419 2327 469 2398 τὴν
490 2326 589 2398 ἐσθῆτα
604 2328 648 2384 καί
670 2329 720 2400 τὴν
737 2328 823 2402 ζώνην
837 2338 887 2401 τῆς
899 2335 954 2388 τῶν
977 2329 1114 2410 ’Δγγόλων
1129 2332 1220 2411 κυρίας
1234 2332 1279 2388 καὶ

247 2431 326 2490 αὐτοῦ
349 2438 397 2490 τοῦ
421 2433 554 2492 Δεσπότου
569 2439 682 2514 Χριστοῦ
706 2441 806 2516 χιτῶνα
819 2437 865 2494 τὸν
887 2435 985 2494 ἄνωθεν
1000 2437 1122 2518 θραντόν,
1135 2439 1169 2495 τὰ
1187 2437 1280 2514 ίμότισ

246 2539 352 2614 τούτου,
376 2541 407 2598 τὸ
429 2541 459 2598 ἐκ
481 2551 530 2615 τῆς
552 2542 667 2624 πλευρᾶς
691 2537 771 2602 sisoi
799 2544 894 2624 ρεόσαν
915 2547 996 2622 αἷμα,
1015 2546 1061 2602 τόν
1084 2544 1206 2625 σταυρόν,
1230 2547 1280 2616 τὴν

246 2644 360 2727 λόγχην,
376 2647 438 2713 τοὺς
451 2649 546 2723 ἠ’λους,
562 2652 608 2708 τόν
626 2651 753 2730 σπόγγον,
768 2653 814 2709 τὸν
827 2651 958 2728 κάλαμον,
969 2654 1003 2710 τὰ
1015 2659 1069 2710 τῶν
1080 2653 1161 2732 ἁγίων
1174 2652 1280 2710 πάντων

247 2753 340 2834 σχεδόν
353 2753 464 2832 λείψανα
477 2757 521 2814 καὶ
538 2759 620 2838 μυρία
632 2763 687 2816 τῶν
710 2759 818 2838 ἀγαθῶν
837 2759 1035 2840 κληρωσαμίνη
1057 2763 1125 2840 πρὸς
1138 2766 1185 2819 τοῦ
1199 2766 1277 2835 etot,

247 2859 312 2934 σθτη
330 2861 399 2919 ἐστὶν
416 2866 433 2934 ἡ
447 2865 546 2941 κοσμία
559 2867 604 2923 καὶ
619 2866 672 2946 οὐχ
685 2869 703 2938 ἡ
718 2866 852 2942 πενομὲνη
867 2867 1002 2926 τοσοότων
1018 2869 1119 2929 καλῶν.

340 2991 431 3059 μονα,
445 2993 478 3058 11,
491 3011 517 3061 p.
537 2997 591 3062 as]

744 3187 787 3224 11.

314 3318 358 3376 Le
378 3319 489 3399 Clerge'
507 3331 535 3379 et
554 3321 581 3380 le
595 3324 702 3401 peuple
720 3325 755 3383 de
774 3327 907 3404 Lucques
925 3327 944 3384 ὰ
963 3337 1028 3386 tous
1047 3327 1089 3386 les
1100 3285 1218 3406 fideles.

614 3517 676 3556 ουν
695 3502 818 3560 octobre
838 3503 919 3577 1098.

284 3727 481 3803 Primatibus‚
498 3733 746 3810 archiepiscopis,
760 3737 922 3812 episcopis,
934 3737 1101 3813 ceterisque
1113 3741 1281 3799 rectoribus

248 3841 282 3881 ac
297 3826 445 3886 universis
458 3830 574 3905 ubique
593 3846 740 3892 terrarum
756 3836 870 3894 Christi
886 3836 1038 3908 fidelibus,
1056 3837 1201 3896 Lucensis
1220 3837 1281 3895 cle-

248 3939 298 3978 rus
312 3935 340 3980 et
360 3925 518 3986 universus
535 3932 678 4006 populus,
694 3935 778 4008 pacis
793 3935 914 4010 plenam
937 3947 966 3993 et
985 3936 1088 4010 gaudii
1108 3937 1235 3994 salutem
1250 3935 1282 3993 in

246 4019 389 4088 Domino,

281 4119 329 4177 Ad
355 4119 475 4180 laudem
499 4138 528 4184 et
548 4127 676 4202 gloriam
703 4129 902 4205 redemptoris
927 4131 1050 4190 Domini
1073 4131 1169 4190 nostri
1192 4132 1281 4190 ihesu

248 4213 373 4291 Christi,
392 4239 451 4294 que
470 4225 508 4279 ab
532 4224 606 4299 ipsis
630 4227 672 4284 rei
701 4228 854 4287 actoribus
873 4247 942 4288 vere
966 4243 997 4289 et
1015 4227 1145 4288 fideliter
1163 4229 1281 4303 accepi·
