3312 5060
381 387 444 455 128
566 404 675 453 noras
699 405 741 453 nr
764 389 893 452 arunas
917 389 1222 463 ancnsoioorouas

375 665 435 723 que
460 648 618 706 laudantes
642 648 681 705 ad
705 648 808 706 altare.
827 647 915 706 Unde
941 646 998 704 luit
1018 646 1149 704 maxima
1167 647 1272 706 laetitia
1291 648 1324 704 in
1346 659 1410 706 tota

375 747 461 804 urbe.
479 747 553 804 llaec
571 746 707 820 audiens,
724 746 874 804 exercitus
888 746 1073 803 Francorum
1089 764 1158 803 cum
1171 763 1280 821 magno
1296 745 1409 821 gaudio

375 844 414 901 ad
425 843 585 902 ecclesiam
601 843 704 902 Sancti
721 843 802 903 Petri
817 857 966 902 venerunt
978 845 1129 901 Lanceam
1143 844 1257 902 videre.
1271 843 1309 900 Et
1324 841 1409 899 simi-

375 941 444 999 liter
467 941 565 999 Graeci
590 954 619 1000 et
646 941 804 999 Hermenii
830 954 860 1000 et
884 940 1017 1012 Suriani,
1037 955 1194 1000 cantantes
1218 942 1278 1000 alta
1300 958 1374 998 voce
1399 959 1408 998 ε

377 1059 390 1092 a
408 1037 500 1112 Kyric
517 1037 662 1096 eleison»
680 1051 710 1096 et
725 1037 861 1096 dicentes
877 1059 890 1091 r
906 1037 984 1094 Kalo
1001 1037 1128 1096 Francia
1147 1039 1271 1097 condari
1287 1037 1409 1096 Christo

376 1135 422 1194 exi
437 1137 446 1164 ¹
462 1159 487 1192 r.
508 1137 576 1194 Hoc
600 1150 668 1195 est:
694 1159 706 1190 r
724 1135 801 1193 Boni
827 1149 897 1194 sunt
921 1135 1030 1193 Franci
1053 1136 1105 1211 qui
1129 1137 1243 1196 habent
1260 1139 1409 1197 Lanceam

375 1233 499 1292 Christi.
515 1257 527 1288 r
545 1237 655 1294 Postea
670 1233 805 1292 lecerunt
819 1252 925 1292 omnes
938 1233 1111 1307 consilium,
1127 1237 1282 1309 quomodo
1296 1236 1410 1294 bellurn

375 1331 551 1405 inceperant
567 1349 636 1388 cum
650 1331 770 1390 Turcis.

470 1458 554 1523 [Petri
570 1458 717 1510 Tudebodl
742 1457 872 1510 Historia
893 1457 928 1509 de
944 1455 1200 1525 Hierosolymitano
1219 1459 1326 1523 itinere,
1341 1460 1410 1510 dans

437 1546 512 1598 Hist.
528 1547 614 1600 occid.
625 1547 673 1599 des
690 1545 846 1611 Croisades,
856 1556 875 1598 t.
885 1546 931 1608 lll,
944 1561 990 1614 pp.
1006 1561 1036 1613 71
1051 1557 1078 1597 et
1090 1545 1189 1615 76-77.]

875 1845 917 1901 18.

377 1995 481 2054 Lettre
502 1994 538 2051 de
556 1993 667 2052 Pascal
685 1995 721 2052 11
738 2011 803 2052 aux
824 1993 955 2064 Croise's,
969 1993 1011 2051 les
1027 1993 1182 2072 se'lr'cr'tant
1197 1994 1233 2052 de
1252 1993 1331 2052 leurs
1350 1993 1409 2052 vic-

413 2092 515 2164 toires,
523 2103 553 2149 et
565 2091 750 2149 accreditant
761 2090 870 2168 eupre's
880 2091 969 2149 d'eux
978 2091 1005 2149 le
1016 2091 1252 2170 cardinal-legat
1260 2091 1408 2164 Maurice,

412 2187 518 2266 eaeque
530 2190 566 2248 de
580 2189 676 2247 Porto
688 2190 707 2247 ².

795 2340 815 2395 4
829 2323 889 2381 mai
908 2341 988 2381 1100.

414 2527 570 2585 Pascbalis
594 2527 766 2603 episcopus,
791 2546 895 2586 servus
919 2545 1074 2585 servorum
1095 2527 1162 2598 Dei,
1186 2526 1410 2584 venerabilibus

378 2623 531 2694 iratribus,
555 2623 618 2680 sive
633 2624 713 2696 filiis,
730 2625 891 2701 episcopis,
910 2625 1039 2696 clericis,
1054 2624 1243 2700 proceribus,
1261 2623 1410 2681 militibus

378 2735 408 2780 et
432 2721 515 2778 omni
545 2721 660 2794 populo
685 2721 800 2780 militiae
829 2723 1009 2780 Christianae
1035 2723 1067 2781 in
1087 2723 1158 2796 Asia
1182 2721 1408 2796 triumphantis,

378 2820 505 2878 salutem
521 2831 551 2877 et
565 2820 765 2895 apostolicam
784 2820 1038 2879 benedictionem.

414 2919 505 2987 Quod
533 2935 587 2992 per
615 2919 794 2994 prophetam
829 2919 944 2993 populo
973 2937 1029 2976 suo
1058 2919 1207 2976 Dominus
1236 2917 1408 2993 pollicetur,

378 3016 535 3090 impletum
546 3017 578 3074 in
592 3017 680 3076 vobis
699 3017 913 3093 cognoscimus
932 3036 938 3075 :
955 3041 967 3072 r
984 3019 1178 3091 inhabitabo,
1191 3018 1301 3094 inquit,
1317 3017 1349 3074 in
1366 3017 1410 3074 eis

378 3127 408 3171 et
421 3113 617 3174 inambulabo
632 3136 701 3174 cum
716 3118 760 3174 eis
776 3118 825 3190 (ll,
842 3118 913 3176 Cor.
929 3119 978 3191 vr),
992 3116 1063 3191 quia
1077 3134 1131 3190 per
1145 3116 1236 3174 fidem
1254 3116 1285 3172 in
1302 3114 1409 3174 vestris

377 3213 552 3286 pectoribus
576 3213 702 3286 habitat,
723 3227 751 3272 et
772 3232 826 3290 per
850 3214 1057 3288 operationem
1077 3214 1119 3271 ita
1139 3214 1357 3286 inambulabat,
1376 3226 1410 3270 ut

377 3324 516 3386 patenter
529 3311 561 3369 in
576 3311 663 3369 vobis
683 3311 823 3370 inimicos
844 3330 916 3370 suos
936 3329 1123 3387 expugnasse
1145 3312 1291 3371 videatur.
1309 3313 1410 3370 Reno·

377 3409 457 3466 vavit
473 3409 553 3467 enim
569 3409 718 3468 Dominus
733 3411 857 3486 antiqua
872 3410 1028 3482 miracula,
1044 3424 1077 3468 ut
1099 3410 1130 3467 in
1145 3429 1206 3467 uno
1221 3411 1314 3483 mille,
1330 3423 1359 3468 et
1378 3409 1409 3467 in

377 3506 496 3564 duobus
520 3507 624 3564 decern
651 3507 745 3565 millia
763 3521 1006 3583 persequeretur,
1027 3521 1057 3564 et
1079 3507 1126 3564 his
1142 3507 1287 3565 Ecclesiae
1307 3507 1408 3578 armis,
1498 3499 1502 3506 ’

377 3604 611 3663 sacerdotalium
626 3624 750 3681 precum
765 3607 858 3680 tubis,
874 3607 1064 3664 inimicarum
1077 3605 1199 3664 urbium
1215 3607 1327 3664 moenia
1339 3623 1410 3681 ape·

377 3702 459 3760 riret.
477 3703 556 3784 Illud
579 3721 651 3760 vero
672 3703 776 3778 quanti
792 3704 905 3779 gaudii,
923 3723 1014 3778 quarn
1029 3704 1160 3780 potentis
1176 3704 1313 3762 miraculi
1329 3703 1409 3760 aesti-

377 3800 476 3872 matis,
493 3802 576 3874 quod
591 3801 776 3859 sacrosancti
792 3802 895 3860 lateris
913 3801 1060 3877 sanguine
1075 3815 1230 3860 cruentam
1249 3803 1409 3870 Lanceam,

377 3911 407 3957 et
433 3899 560 3958 vivificae
587 3901 685 3958 crucis
710 3914 828 3975 partem
859 3899 966 3959 vestris
992 3901 1090 3958 oculis
1124 3899 1276 3974 revelavit,
1303 3897 1410 3956 vestris

412 4103 434 4140 t.
449 4087 519 4140 aulo
542 4089 658 4156 Φραγκία
681 4089 728 4152 litt
752 4091 853 4156 ιοντάρι
967 4103 992 4139 2.
1008 4087 1184 4140 Archivetde
1198 4087 1313 4139 l'Ort'ettl
1330 4085 1410 4137 ialin.

377 4181 491 4244 Χριστοῦ.
935 4187 954 4229 t.
968 4177 989 4242 l,
1002 4193 1028 4244 p.
1044 4191 1073 4226 ar
1083 4192 1104 4226 1.
