3312 5060
650 433 694 490 ιιι
718 429 974 480 simiatica
1279 424 1324 494 99

298 669 328 732 ei
342 669 351 696 ¹
365 691 395 733 ν.
410 671 425 732 J
431 671 481 733 ’en
497 668 570 733 dois
586 669 617 732 la
631 667 913 732 communication
927 667 944 731 δ
958 662 1147 728 λ’έτυάἰιὶοο
1162 663 1202 724 de
1216 661 1263 724 M.
1280 660 1326 724 Le

290 776 407 856 alant,
424 779 506 841 dont
518 795 603 840 nous
619 775 796 859 deplorons
811 772 1022 859 aujourd'hui
1037 773 1068 834 la
1082 785 1182 854 perte.

341 884 481 949 Comme
510 905 554 948 on
583 884 614 946 le
638 883 718 961 voit,
748 897 828 946 cette
857 900 985 945 mesure
1002 901 1054 944 ‘ne
1081 878 1282 962 correspond
1310 879 1328 940 ὲ

301 1012 427 1058 aucune
453 994 583 1075 largeur
603 993 660 1054 des
688 991 797 1054 lances
822 1009 886 1072 que
908 1009 993 1052 nous
1011 1006 1113 1051 avons
1135 991 1264 1070 pesse'es
1287 1004 1328 1047 en

301 1121 397 1164 revue
411 1122 419 1181 ;
442 1101 503 1164 elle
522 1099 664 1163 meritait
683 1098 865 1182 cependant
880 1096 978 1159 d’etre
994 1095 1147 1178 signam,
1165 1113 1205 1156 ne
1221 1091 1329 1156 serait·

302 1228 337 1271 ce
365 1228 428 1290 que
455 1226 540 1290 pour
564 1221 710 1268 montrer
733 1203 960 1287 l’importance
988 1221 1051 1284 que
1073 1201 1148 1284 joue
1172 1200 1203 1263 la
1225 1199 1329 1278 lance,

302 1315 383 1378 dans
398 1327 468 1377 tant
483 1312 611 1376 d’ordre
628 1311 749 1375 d’idees
762 1312 906 1394 pendant
921 1324 992 1374 tout
1006 1309 1036 1372 le
1052 1309 1175 1391 Moyen
1190 1311 1259 1390 Age
1277 1307 1298 1368 ².

571 1615 717 1690 misces
740 1630 1069 1690 ιυετινιοιιτινεε

809 1855 833 1895 1.

345 1989 452 2062 Ἐπειδὴ
468 1989 519 2070 γὰρ
537 1989 602 2067 μετὰ
619 1987 720 2048 τὸνδιὰ
741 1996 854 2072 σταυροῦ
874 1991 991 2066 θάνατον,
1010 1993 1087 2063 ὁτῆς
1102 1992 1174 2062 ζωῆς
1192 1987 1238 2046 καλ
1257 1988 1336 2047 θανά-

305 2119 352 2154 του
368 2097 461 2177 Κύριος
478 2098 562 2176 τρισὶν
575 2095 689 2176 ἡμέραις
709 2093 814 2154 ἇνεθέου
832 2115 839 2129 ·
856 2096 952 2176 ιρθθνου
967 2095 995 2154 δὲ
1008 2097 1123 2176 κέντροις
1134 2095 1259 2154 Ἰουδαῖοι
1278 2117 1335 2154 νυτ-

305 2205 423 2280 τόμενοι,
444 2205 489 2262 καὶ
512 2201 564 2261 δέοι
584 2204 792 2285 κατεσχημένοι,
817 2207 855 2280 μη
878 2225 904 2260 τι
926 2207 981 2260 τῶν
1008 2205 1074 2262 κατὰ
1095 2205 1179 2270 πάθος
1199 2204 1284 2262 έκεῖνο
1305 2203 1335 2260 τδ

308 2312 400 2369 οιτιτδν
414 2313 458 2369 καὶ
474 2311 601 2392 μακάριον
616 2309 743 2369 διατωθὲν
756 2311 941 2392 χρηστηρίων,
956 2310 1092 2377 Ἰουδαίοις
1108 2313 1155 2388 μέν
1175 2312 1336 2390 ἀμυντήριον

307 2417 424 2496 γένηται,
449 2422 507 2480 τοῖς
528 2413 556 2472 δέ
584 2415 695 2494 Χριστὸν
726 2413 911 2474 δεονιοτεύουσι
938 2415 1119 2497 φυλακτήριον
1138 2417 1257 2496 γένηται,
1288 2416 1337 2472 ὑπὸ

311 2531 412 2604 μυχοῖς
425 2520 648 2602 κατορωρθχεσαν
659 2529 721 2600 γῆς,
738 2522 896 2599 ἀποθέμενοι
908 2523 938 2580 τὸ
954 2523 1118 2604 θηταθρημα
1134 2545 1141 2560 ·
1158 2523 1231 2602 λέγω
1247 2521 1280 2594 δὴ
1294 2523 1340 2580 τὸν

310 2631 434 2710 σταυρὸν,
449 2630 494 2687 καὶ
506 2627 539 2685 τὰ
553 2629 614 2706 περὶ
631 2629 676 2686 τὸν
693 2631 805 2709 σταυρὸν
822 2627 921 2688 ἅπαντα
937 2653 943 2667 ·
960 2631 1022 2696 τοὺς
1036 2630 1118 2702 ἥλους
1137 2654 1172 2712 φη
1179 2631 1218 2705 μὶ,
1231 2630 1276 2687 καὶ
1290 2631 1340 2701 τὴν

311 2736 426 2818 λόγχην,
450 2739 495 2795 καὶ
518 2739 547 2796 θν
566 2737 607 2795 ἐπὶ
629 2742 676 2794 τοῦ
701 2741 814 2817 σταυροῦ
827 2736 942 2803 Πιλάτος
963 2735 1071 2818 ἔγραψε,
1097 2736 1163 2817 [καὶ]
1187 2733 1340 2817 προσέπηξτ

309 2843 405 2904 τίτλον.

406 2949 444 3016 [S.
461 2951 578 3002 Andreae
597 2950 737 3002 Cretensis
751 2951 783 3002 In
800 2951 996 3003 exaltationem
1012 2951 1041 3003 S.
1062 2951 1167 3012 Crucis,
1188 2950 1208 3014 1,
1226 2965 1270 3017 ep.
1287 2948 1342 3000 Pa·

374 3041 436 3092 irai.
449 3055 546 3108 graec„
560 3051 578 3091 t.
594 3040 702 3106 XCVII,
717 3043 768 3093 col.
788 3039 965 3106 1024·1025.]

814 3339 840 3377 2.

433 3467 530 3526 XXII.
546 3500 581 3514 -
597 3469 730 3528 Basilica
745 3472 853 3528 Sancte
863 3470 935 3528 Sion
950 3480 978 3527 ιι
1000 3469 1223 3528 monasterium.

352 3670 468 3731 Deinde
482 3673 621 3732 venimus
635 3673 667 3732 in
682 3675 838 3733 basilicam
851 3675 992 3733 Sanctam
1006 3673 1090 3744 Sion,
1102 3673 1156 3730 ubi
1172 3685 1242 3730 sunt
1255 3670 1346 3730 mire-

353 3946 377 3982 1.
395 3929 579 3984 Enciairidion
595 3933 694 3985 Leonis
701 3947 791 4000 papae,
873 3931 1000 3984 Mesures
1025 3931 1057 3982 de
1076 3929 1210 3990 devotion,
1233 3930 1302 3980 dens
1322 3929 1348 3979 la

319 4019 405 4086 Lyon,
428 4019 503 4084 1601,
525 4032 579 4089 pet.
600 4021 681 4086 ιιι-8η
699 4038 726 4089 p.
744 4021 795 4086 344
874 4015 1348 4083 RevuedeI'artchretien,t.XXX11

319 4108 402 4172 (Bibi
416 4110 449 4160 de
465 4111 618 4178 l'Arsenal).
875 4109 976 4176 (1881),
991 4125 1018 4176 p.
1032 4108 1095 4175 403·

351 4197 794 4264 ααΒαιθὶιιθτΜοιιιααΙι(Χ.),
