3312 5060
589 433 632 478 aa
656 431 780 480 snrnrn
804 431 914 478 tanea
1207 412 1268 496 145

233 653 357 726 festum,
371 672 440 712 cum
453 653 577 728 speciali
592 654 705 726 offici0,
717 673 772 730 per
783 656 903 730 aliquos
917 656 1082 731 praeclaros
1098 654 1274 712 Catholicos

235 763 264 807 et
280 751 357 807 alios
379 751 489 808 divinae
514 752 632 826 paginae
651 751 777 827 peritos,
799 771 877 828 quos
898 754 980 810 idem
1000 755 1063 810 Rex
1085 754 1123 810 ad
1143 753 1202 810 hoc
1220 752 1276 810 eli·

168 889 171 893 -
236 849 353 924 gendos
368 850 470 920 ducet,
488 851 671 922 ordinando,
689 865 774 910 sexta
788 851 863 909 feria
883 865 954 927 post
972 851 1103 909 Octavas
1117 852 1279 909 Resurrec-

238 945 333 1002 tionis
349 945 528 1018 Dominicae‚
541 947 629 1004 annis
644 947 770 1022 singulis
786 967 803 1006 a
819 947 932 1007 Christi
947 947 1100 1018 fidelibus,
1117 949 1148 1005 in
1163 947 1278 1005 eisdem

238 1042 406 1100 Alamaniae
423 1056 453 1101 et
469 1044 624 1102 Bohemiae
642 1045 779 1118 partibus
794 1058 943 1121 perpetuo
962 1045 1130 1104 solenniter
1142 1045 1278 1103 celebre·

236 1151 305 1211 tur;
328 1153 357 1198 et
376 1153 409 1198 ut
430 1141 536 1198 fideles
559 1140 673 1206 Christi
693 1143 732 1200 ad
748 1143 976 1200 venerationem
995 1143 1132 1218 ipsorum
1150 1145 1278 1202 Lanceae

239 1251 267 1296 et
287 1238 451 1296 Clavorum
471 1238 636 1298 ferventius
659 1240 844 1314 animentur,
867 1253 958 1315 atque
979 1241 1018 1298 ad
1038 1241 1207 1300 Ecclesiam
1232 1243 1280 1300 vel

239 1334 397 1408 Capellam
412 1335 443 1392 in
465 1354 526 1410 qua
549 1335 662 1396 luerint
676 1351 706 1396 et
726 1338 766 1394 ad
787 1339 1025 1396 celebrationem
1048 1338 1117 1396 sesti
1132 1352 1162 1397 et
1187 1339 1280 1397 officii

239 1432 467 1507 predictorum,
488 1433 633 1492 libentius
655 1434 821 1508 confluant,
838 1453 898 1509 quo
919 1435 1034 1495 ibidem
1053 1435 1178 1493 uberius
1197 1437 1280 1494 dono

241 1531 376 1588 coelestis
391 1532 497 1606 gratiae
510 1532 722 1606 conspexerint
736 1551 767 1590 se
782 1533 921 1605 resectos,
935 1535 973 1591 de
990 1531 1209 1607 omnipotentis
1225 1534 1281 1591 Dei

243 1627 453 1686 misericordia
472 1643 502 1687 et
521 1630 679 1687 beatorum
703 1629 913 1704 apostolorum
938 1631 1020 1687 Petri
1042 1641 1072 1688 et
1097 1631 1195 1702 Pauli,
1217 1633 1282 1706 ejus

242 1727 424 1784 auctoritate
440 1727 559 1798 conlisi,
582 1727 724 1784 omnibus
746 1745 814 1784 vere
837 1727 1060 1801 poenitentibus
1080 1741 1109 1786 et
1122 1727 1281 1801 confessis,

243 1823 295 1897 qui
311 1823 342 1879 in
357 1823 406 1880 die
421 1823 489 1880 festi
512 1823 687 1898 hujusmodi
703 1823 800 1897 ipsam
818 1823 986 1881 Ecclesiam
1006 1824 1053 1881 vel
1069 1825 1235 1898 Capellam,
1252 1827 1283 1884 in

244 1937 304 1993 qua
318 1933 391 1976 tunc
406 1921 527 1976 Lancea
541 1935 571 1977 et
585 1921 697 1977 Clavus
717 1919 775 1992 ipsi
794 1920 917 1991 fuerint,
933 1933 967 1977 ut
988 1921 1158 1995 praefertur,
1174 1925 1284 1982 devote

245 2015 622 2090 visitaverint,annuatim,
633 2031 694 2076 tres
710 2037 806 2076 annos
818 2033 846 2076 et
857 2033 918 2077 tres
929 2022 1149 2096 quadragenas,
1157 2023 1286 2098 singulis

244 2113 387 2172 videlicet
412 2115 507 2189 ipsius
539 2116 607 2174 sesti
639 2119 758 2188 diebus,
783 2117 895 2192 quibus
914 2121 1083 2177 Ecclesiam
1114 2121 1210 2196 ipsam
1237 2123 1286 2180 vel

246 2213 402 2290 Capellam
421 2216 623 2290 visitaverint,
646 2218 689 2275 eis
708 2236 792 2289 vero,
815 2218 868 2292 qui
888 2221 993 2276 eadem
1017 2220 1067 2276 die
1086 2219 1117 2275 in
1139 2221 1231 2277 missa
1256 2233 1286 2277 et

247 2315 374 2389 singulis
394 2313 478 2371 horis
494 2315 650 2372 canonicis
674 2315 849 2389 ubicunque
872 2315 902 2372 in
924 2315 1087 2390 praesentia
1102 2317 1175 2373 dicti
1196 2317 1286 2390 Regis

247 2423 277 2468 et
290 2418 502 2468 successorum
513 2429 638 2468 suorum
649 2411 871 2468 catholicorum
883 2411 1091 2468 Romanorum
1106 2415 1221 2486 Regum
1232 2429 1286 2470 seu

250 2509 484 2582 Imperatorum,
505 2509 558 2582 qui
584 2527 639 2582 pro
663 2522 800 2584 tempore
824 2507 946 2582 fuerint,
970 2509 1081 2566 divinis
1105 2509 1286 2582 intererunt,

248 2607 364 2665 tamin
393 2607 488 2664 missa
510 2627 601 2681 quam
624 2608 656 2664 in
676 2608 803 2682 singulis
827 2608 910 2664 horis
932 2609 1057 2680 eisdem,
1078 2621 1201 2668 centum
1222 2607 1288 2664 dies

250 2705 281 2762 in
297 2705 434 2779 qualibet
446 2705 587 2762 videlicet
608 2705 700 2762 missa
718 2719 748 2762 et
763 2705 890 2780 singulis
906 2706 990 2764 horis
1003 2707 1119 2765 eisdem
1132 2707 1242 2782 quibus
1257 2704 1289 2762 in

248 2802 412 2877 praesentia
428 2803 528 2877 Regis,
545 2803 591 2861 vel
608 2820 819 2860 successorum
835 2821 961 2861 suorum
975 2805 1193 2879 praedictorum
1212 2802 1290 2860 divi-

250 2901 298 2957 nis
313 2899 387 2974 ipsis
401 2901 572 2960 intererunt
587 2915 621 2960 ut
640 2901 808 2976 praelertur,
826 2903 864 2959 de
879 2900 1022 2975 injunctis
1042 2903 1086 2961 eis
1099 2900 1290 2978 poenitentiis

251 2997 393 3054 duximus
413 2997 651 3056 misericorditer
666 2998 856 3055 relaxandos.

289 3095 442 3164 Quocirca
458 3094 694 3152 Universitatern
709 3107 839 3152 vestram
867 3113 1027 3154 monemus
1043 3109 1071 3154 et
1090 3097 1248 3154 hortamur
1260 3095 1292 3153 in

252 3191 398 3262 Domino,
413 3191 659 3264 perApostolica
679 3191 765 3248 vobis
791 3191 904 3266 scripta
928 3193 1117 3263 mandantes,
1143 3206 1293 3266 quatenus

253 3286 365 3362 singuli
380 3301 515 3346 vestrum
529 3289 699 3362 praemissa,
712 3306 782 3346 cum
794 3291 831 3346 ad
847 3288 986 3346 notitiam
1000 3303 1132 3346 vestram
1146 3306 1292 3362 pervene-

253 3387 324 3458 rint,
341 3387 373 3444 in
387 3387 516 3462 singulis
528 3387 636 3446 vestris
659 3387 833 3444 civitatibus
849 3401 877 3444 et
892 3387 1088 3460 dioecesibus,
1104 3403 1158 3460 per
1175 3404 1229 3444 vos
1247 3385 1294 3444 vel

255 3484 343 3556 alios,
360 3485 413 3541 ubi
433 3497 462 3542 et
485 3485 607 3559 quando
620 3483 708 3540 vobis
724 3484 864 3558 expedire
879 3483 1041 3554 videbitur,
1058 3481 1224 3538 solenniter
1237 3499 1295 3555 pu·

255 3582 369 3639 blicare
393 3581 524 3639 curetis:
548 3581 725 3654 dictumque
744 3580 865 3650 festum,
885 3579 1010 3654 praefata
1032 3579 1092 3650 die,
1119 3576 1206 3633 annis
1232 3577 1296 3634 sin·

256 3679 345 3754 gulis,
361 3691 395 3736 ut
419 3677 624 3754 praemittitur,
638 3677 798 3735 celebretis
817 3690 847 3734 et
868 3675 985 3734 faciatis
1000 3679 1038 3734 ab
1054 3675 1121 3734 aliis
1137 3675 1295 3732 celebrari.

257 3777 367 3836 Datum
379 3775 550 3848 Avenione,
567 3775 610 3832 ld.
624 3777 714 3832 Febr.
730 3774 928 3832 Pontificatus
944 3775 1041 3832 nostri
1054 3791 1134 3832 anno
1150 3773 1296 3831 secundo.

320 3891 383 3960 [hp.
402 3893 560 3956 Gretserus,
571 3891 728 3959 Syntagma
743 3891 777 3943 de
790 3891 819 3942 S.
835 3890 871 3944 R.
884 3889 1006 3957 Imperii,
1022 3907 1049 3957 p.
1066 3891 1118 3954 18.]
