3312 5060
624 377 667 423 LA
692 375 814 423 SAlNTE
833 375 944 424 LANCE
1235 380 1293 426 lll

273 629 337 670 rem
352 611 428 670 tanti
446 611 579 670 muneris
601 611 757 686 magnifice
772 612 985 670 commendare
1008 627 1164 688 ceperunt,
1184 626 1212 672 et
1233 633 1299 671 mu·

261 723 356 770 ‘tuata
370 712 378 738 ¹
393 730 429 769 ex
453 711 530 786 regis
552 710 674 768 nomine
689 710 829 785 pecunia,
859 728 977 768 sacrum
996 710 1105 787 pignus
1124 730 1142 768 a
1163 711 1298 787 pignoris

273 809 457 884 obligatione
472 809 600 868 liberare
610 810 791 885 quantocius
801 822 991 868 curaverunt.
1006 811 1075 880 Quo
1084 823 1220 885 peracto,
1231 827 1298 866 cum

272 905 367 981 ipsius
388 907 577 982 imperatoris
599 925 633 966 ac
660 909 807 965 baronum
834 925 958 965 suorum
984 927 1103 967 necnon
1124 923 1153 967 et
1178 908 1300 983 religio·

273 1021 375 1060 sorum
390 1017 480 1078 atque
495 1005 731 1064 auctenticarum
747 1011 945 1081 personarum
956 1007 1210 1065 testimonialibus
1220 1007 1300 1065 litte-

274 1099 314 1157 ris
324 1119 358 1158 ac
369 1101 486 1177 sigillis,
502 1102 625 1177 insuper
640 1117 752 1162 etcum
770 1103 893 1178 prelatis
913 1103 1049 1176 reliquiis
1064 1104 1179 1180 regales
1198 1105 1300 1164 nuncii

273 1201 310 1256 ab
323 1202 397 1258 urbe
411 1200 677 1276 Constantinopoli
691 1202 877 1274 recedentes,
890 1201 928 1257 ad
941 1217 1040 1275 regem
1052 1200 1103 1275 qui
1114 1219 1167 1258 eos
1178 1201 1301 1262 miserat

272 1311 468 1372 prosperante
488 1300 563 1372 Deo,
585 1298 641 1356 iter
660 1317 747 1355 suum
767 1317 834 1355 cum
860 1297 1061 1374 gaudiosum
1084 1300 1205 1374 reversi,
1222 1300 1300 1359 refe-

273 1406 371 1451 rentes
384 1394 411 1451 ei
426 1393 542 1452 itineris
560 1396 698 1454 ordinem
719 1411 749 1454 et
768 1396 867 1472 grecie
888 1396 1115 1454 exuberantiam
1129 1415 1219 1471 quam
1235 1396 1300 1454 lue·

271 1505 339 1550 rant
355 1509 372 1549 a
387 1494 518 1551 Domino
537 1496 705 1570 consequti.
725 1496 773 1553 Ad
788 1514 918 1570 quorum
936 1495 1111 1553 relationem
1127 1494 1191 1569 ipse
1204 1495 1300 1570 pluri-

272 1608 355 1647 mum
366 1593 503 1650 exultans
522 1593 555 1651 in
578 1595 710 1653 Domino
725 1595 853 1654 creatori
869 1613 924 1652 suo
939 1594 1044 1652 laudes
1059 1593 1234 1668 ingeminat,
1251 1592 1299 1649 cui

272 1689 358 1762 quasi
373 1689 570 1767 intersignum
591 1691 701 1748 amoris
715 1691 852 1767 precipui
867 1709 950 1748 arma
966 1691 1076 1766 quibus
1091 1709 1144 1748 rex
1165 1690 1299 1748 celorum

271 1787 389 1846 hostem
408 1791 573 1865 superbum
591 1791 751 1864 dejecerat,
764 1808 819 1865 per
833 1808 905 1846 suos
924 1789 1052 1846 famulos
1066 1788 1298 1846 transmittebat.

272 1887 335 1944 Nec
357 1907 451 1961 mora,
468 1889 656 1963 congregatis
672 1891 709 1946 ad
726 1889 833 1946 urbem
854 1887 1055 1945 Parisiensem
1070 1886 1218 1944 universis
1238 1886 1299 1944 fere

271 1987 355 2060 regni
369 1987 541 2062 presulibus
557 2001 586 2044 et
598 1986 733 2061 prelatis,
749 1986 814 2061 ipsa
829 1985 933 2044 civitas
949 1985 1035 2060 quasi
1052 1985 1146 2042 altera
1159 1985 1299 2042 iherusa-

270 2083 328 2140 lem
347 2085 439 2142 tantis
458 2084 685 2159 oppigneranda
701 2083 889 2158 magnalibus
911 2101 979 2140 cum
1001 2082 1083 2139 omni
1103 2093 1248 2156 apparatu
1271 2095 1300 2140 et

271 2181 409 2238 decentia
423 2182 599 2252 adornatur,
615 2180 803 2256 receptisque
819 2179 961 2238 omnibus
975 2194 1037 2238 tam
1052 2179 1202 2254 imperiali
1218 2179 1300 2237 bulla

272 2297 362 2353 quam
378 2280 483 2355 sigillis
504 2279 570 2336 aliis
585 2297 643 2353 que
662 2278 848 2353 prediximus
865 2280 1061 2355 consignatis,
1080 2280 1218 2353 laetaque
1230 2296 1299 2353 pre-

272 2379 422 2436 dicatione
442 2393 471 2436 et
491 2379 623 2454 generali
644 2379 681 2435 ab
701 2378 843 2435 omnibus
861 2377 985 2451 prelatis
1006 2378 1076 2433 data
1100 2376 1298 2452 indulgentia,

271 2479 401 2550 quedam
416 2495 531 2548 eorum,
545 2491 635 2550 prout
657 2477 785 2534 intanta
809 2477 913 2551 populi
936 2474 1118 2532 adunatione
1140 2475 1299 2531 commode

270 2573 335 2632 fieri
348 2575 457 2650 potuit,
473 2576 684 2646 ostenduntur,
702 2588 729 2632 et
743 2575 885 2648 deinceps
901 2573 1012 2631 edicto
1032 2590 1100 2646 rege
1114 2585 1142 2630 et
1155 2573 1298 2630 fratribus

270 2672 332 2729 suis
352 2691 419 2729 cum
440 2674 543 2730 eadem
563 2673 732 2730 humilitate
753 2686 782 2730 et
802 2671 969 2730 reverentia
990 2688 1048 2745 qua
1067 2688 1158 2744 supra
1177 2671 1214 2728 de
1232 2671 1298 2728 aliis

270 2771 452 2843 dictumest,
468 2771 499 2827 in
519 2773 593 2828 urbe
608 2770 627 2842 ²,
647 2769 763 2828 cunctis
779 2771 877 2826 Deum
895 2767 1099 2839 laudantibus,
1115 2767 1297 2840 inferuntur,

269 2868 320 2925 ubi
336 2869 374 2926 ad
388 2867 510 2925 Domini
525 2867 652 2942 gloriam
667 2881 696 2924 et
716 2866 799 2941 regni
814 2865 1034 2942 protectionem
1050 2883 1117 2922 cum
1132 2867 1252 2923 Corona
1269 2880 1297 2924 et

270 2966 367 3022 Cruee
380 2965 508 3040 aliisque
521 2965 659 3040 superius
672 2963 835 3022 nominatis
858 2980 926 3020 curn
942 2961 1043 3018 debita
1066 2963 1297 3022 honorificentia

269 3077 469 3122 reservantur.
491 3065 570 3132 Quia
588 3081 660 3120 vero
675 3062 783 3119 melius
806 3061 950 3118 memorie
970 3061 1199 3119 commendatur
1214 3061 1297 3136 quod

268 3161 454 3235 frequentius
475 3161 610 3233 iteratur,
633 3161 670 3217 de
694 3159 822 3217 consilio
847 3171 876 3215 et
897 3175 1021 3216 assensu
1045 3159 1208 3234 dyocesani
1232 3158 1296 3232 epi-

268 3259 364 3335 scopi,
379 3260 478 3317 dictus
491 3278 542 3317 rex
555 3259 659 3317 statuit
673 3271 702 3315 et
722 3256 855 3315 decrevit
869 3268 902 3313 ut
922 3256 1008 3314 annis
1023 3255 1081 3312 sibi
1106 3257 1296 3314 succedenti-

268 3356 324 3413 bus
337 3368 381 3413 ru⁰
394 3357 463 3414 idus
487 3357 604 3432 augusti
627 3375 644 3412 a
661 3355 822 3412 Parisiensi
836 3354 951 3429 populo
971 3354 1179 3428 sollempniter
1190 3355 1295 3410 obser-

268 3467 363 3528 vetur,
379 3469 408 3512 et
419 3454 621 3530 pretermissis
648 3453 866 3511 seculiarium
888 3452 1123 3526 occupationum
1147 3452 1238 3524 curis,
1255 3452 1295 3508 ob

269 3552 323 3608 Dei
347 3553 495 3610 beneficia
518 3553 616 3611 eidem
642 3551 756 3628 populo
774 3565 835 3608 tam
856 3550 1063 3626 multipliciter
1083 3550 1216 3608 exhibita
1230 3550 1296 3624 ipsa

268 3649 332 3707 dies
343 3651 427 3708 ‘tota
442 3650 472 3708 in
488 3651 597 3708 divinis
612 3649 754 3706 laudibus
776 3661 805 3706 et
819 3649 984 3724 gratiarum
998 3647 1168 3706 actionibus
1184 3665 1295 3722 expen-

207 3727 213 3740 ⁸
268 3749 364 3819 datur,
386 3763 418 3808 ut
440 3751 478 3807 ad
501 3749 591 3808 uitam
614 3747 771 3824 pervenire
793 3759 944 3804 mereatur
970 3759 1114 3818 eternam,
1141 3758 1295 3820 prestante

300 3993 321 4029 i.
338 3978 396 4030 Fol.
416 3989 510 4047 174v·,
522 3981 574 4031 col.
589 3995 613 4030 a.
850 3995 876 4044 4.
903 3979 956 4030 Les
982 3987 1054 4028 mots
1077 3977 1167 4044 «ipsa
1194 3977 1252 4028 dies
1281 3998 1293 4022 n

298 4081 322 4118 2.
336 4068 366 4118 ln
380 4067 480 4119 urbem
494 4068 692 4136 [Charleuillel
822 4065 928 4134 ajoutes
939 4067 1084 4119 au-dessua
1092 4082 1143 4133 par
1152 4080 1207 4118 unc
1219 4065 1294 4116 main

297 4155 321 4206 3.
335 4157 394 4208 Fol.
412 4173 461 4224 174
472 4166 507 4220 νο,
521 4159 572 4208 col.
589 4158 615 4210 b.
822 4158 885 4223 plus
901 4155 1042 4208 moderne.
