3312 5060
612 537 654 582 rr
678 533 799 582 saturn
823 534 933 580 rauca
1226 516 1286 585 103

261 773 353 834 animi
373 770 531 830 nobilitate
550 787 642 845 quam
661 769 760 828 carnis
775 771 976 845 generositate
994 771 1187 847 conspicuus,
1199 790 1290 847 super

261 873 509 949 predecessorum
524 886 649 926 suorum
660 868 915 944 magnificentiam
927 869 1052 928 dilatato
1064 869 1147 945 regni
1162 870 1289 945 imperio

261 985 290 1030 et
309 967 507 1042 multiplicata
525 984 626 1024 rerum
646 966 802 1042 opulentia
822 979 901 1024 esset
915 986 932 1023 a
947 967 1078 1026 Domino
1097 967 1288 1041 sublimatus,

262 1069 293 1126 in
307 1065 455 1143 preceptis
470 1063 617 1122 Altissirni
635 1064 832 1136 ambulavit¹,
849 1064 880 1121 in
893 1065 1062 1123 humilitate
1077 1065 1210 1140 spiritus,
1227 1068 1289 1141 jus·
1314 1137 1320 1148 ι

260 1162 330 1221 ticie
345 1179 461 1235 norma,
473 1162 620 1220 libertatis
635 1161 838 1220 ecclesiastice
852 1175 1010 1238 promotor
1024 1162 1174 1238 pariteret
1186 1177 1289 1238 patro-

261 1278 328 1318 nus.
349 1262 387 1316 Et
411 1260 489 1318 sicut
514 1260 546 1317 in
573 1259 675 1317 divina
698 1260 764 1335 lege
789 1259 976 1335 precipitur:
993 1261 1070 1316 Cum
1094 1261 1211 1320 dederit
1234 1263 1289 1321 tibi

263 1359 410 1416 Dominus
426 1358 561 1416 civitates
576 1357 686 1415 multas
701 1371 730 1416 et
745 1357 858 1428 firmas,
874 1358 983 1414 domos
994 1357 1099 1431 plenas
1112 1373 1290 1416 cunctarum

263 1476 365 1532 opum,
382 1469 411 1514 et
425 1455 593 1514 comederis
609 1469 638 1514 et
658 1469 807 1513 saturatus
830 1455 934 1526 luetis,
952 1472 1022 1512 cave
1042 1471 1080 1511 ne
1100 1455 1289 1514 obliviscaris

263 1553 426 1612 Dominum
436 1556 530 1612 Deum
541 1554 653 1625 tuum²‚
660 1571 716 1627 pro
728 1565 832 1627 optato
843 1552 901 1609 sibi
912 1551 1114 1610 arridentibus
1123 1555 1288 1629 prosperis,

263 1653 449 1730 diligentiam
464 1653 603 1711 adhibuit
616 1671 653 1709 ne
669 1651 803 1726 prodiret
817 1651 971 1724 iniquitas,
982 1663 1016 1708 ut
1030 1667 1100 1724 sepe
1116 1652 1239 1724 assolet,
1254 1671 1290 1710 ex

263 1752 472 1826 prosperitatis
490 1752 577 1827 adipe
597 1751 782 1825 temporalis,
797 1749 850 1806 sed
869 1767 938 1806 cum
957 1748 1039 1804 omni
1059 1750 1290 1808 mansuetudine

264 1849 394 1907 Domino
428 1851 572 1920 serviens,
597 1848 705 1922 pocius
738 1847 827 1921 elegit
852 1868 864 1900 r
888 1846 1041 1904 humiliari
1069 1865 1138 1904 cunr
1166 1847 1290 1905 mitibus

264 1965 354 2021 quam
375 1947 509 2005 dividere
530 1947 626 2021 spolia
644 1964 714 2002 cum
729 1945 867 2019 superbis
881 1943 901 2016 ³,
919 1957 979 2002 aut
999 1957 1084 2001 tanto
1108 1944 1291 2002 laudabilior

264 2058 342 2104 esset
369 2044 464 2119 ipsius
498 2045 698 2102 mansuetudo
727 2055 757 2100 et
784 2041 998 2116 acceptabilior
1020 2043 1100 2117 apud
1127 2043 1290 2100 Dominum

264 2144 428 2215 humilitas,
445 2157 558 2218 quanto
574 2143 601 2200 ei
613 2143 638 2200 si
649 2142 738 2198 vellet
748 2141 882 2215 paratior
893 2143 1071 2199 occurrebat
1081 2141 1171 2215 impie
1182 2141 1290 2215 agendi

264 2240 395 2310 occasio,
416 2255 446 2299 et
465 2241 619 2316 copiosior
639 2237 834 2314 superbiendi
852 2237 989 2296 facultas.
1012 2239 1099 2296 Unde
1118 2237 1292 2296 factumest

263 2352 297 2398 ut
311 2339 361 2396 ille
376 2339 426 2413 qui
439 2339 475 2396 ab
488 2339 581 2395 inicio
596 2337 680 2395 novit
696 2355 788 2411 opera
802 2336 990 2410 singulorum
1003 2350 1032 2394 et
1043 2353 1290 2410 unumquemque

263 2449 436 2494 remunerat
460 2437 626 2494 secundum
646 2453 771 2492 suorum
795 2433 976 2509 exigentiam
1001 2434 1187 2504 meritorum,
1204 2434 1290 2507 quasi
1365 2481 1372 2493 .

263 2534 326 2593 vias
343 2535 407 2609 ejus
422 2535 482 2609 jam
498 2534 669 2610 approbans
685 2533 827 2608 precipue
842 2531 1013 2590 dilectionis
1028 2531 1126 2589 eidem
1145 2531 1292 2590 tribueret

264 2632 472 2707 intersignum,
487 2633 569 2707 quod
582 2645 611 2689 et
626 2631 709 2707 regni
724 2631 882 2689 videbatur
898 2629 1093 2688 stabilimenti
1107 2630 1290 2708 presagium,

265 2742 294 2787 et
313 2728 385 2788 satis
403 2729 561 2803 probabile
581 2731 605 2787 si
620 2743 825 2806 perseveraret
838 2729 870 2786 in
883 2731 964 2786 bono
982 2729 1081 2786 future
1096 2731 1291 2790 beatitudinis

265 2839 485 2901 argumentum.
502 2830 580 2886 Nam
595 2829 697 2886 divino
709 2843 782 2887 nutu
794 2827 1017 2885 illustrissimus
1032 2827 1078 2884 vir
1090 2829 1292 2888 Namucencis

265 2943 366 2983 comes
381 2926 526 2983 uomine⁴
542 2927 718 2998 Balduinus,
734 2945 771 2984 ex
790 2928 982 2986 successione
997 2941 1122 3004 paterna
1141 2931 1292 2987 Constan-

264 3023 482 3098 tinopolitanus
496 3023 660 3100 imperator
673 3025 802 3097 iuturus,
819 3025 870 3099 qui
884 3040 1009 3101 propter
1023 3027 1183 3102 specialem
1198 3029 1293 3086 Cons-

264 3121 510 3198 tantinopolitani
534 3123 653 3198 imperii
676 3122 884 3180 necessitatem
909 3124 946 3181 ad
965 3125 1114 3198 prelatum
1137 3143 1238 3200 regem
1261 3126 1292 3183 in

266 3223 289 3278 F
291 3221 424 3279 ranciam
442 3234 571 3290 venerat,
590 3222 629 3278 ob
646 3221 789 3295 precipue
804 3221 974 3279 devotionis
993 3221 1195 3297 insigniaque
1210 3223 1241 3280 in
1256 3242 1292 3281 eo

265 3319 381 3376 viderat
400 3330 430 3376 et
449 3319 583 3393 impense
608 3317 665 3376 sibi
685 3320 722 3376 ab
745 3319 853 3376 eodem
876 3335 945 3394 rege
969 3318 1068 3376 debite
1090 3320 1293 3378 venerationis

265 3416 421 3491 obsequia,
429 3415 512 3474 dedit
522 3431 552 3475 et
564 3416 713 3475 concessit
724 3417 842 3474 Corone
854 3417 977 3475 Domini
988 3431 1017 3476 et
1028 3419 1189 3477 Salvatoris
1198 3420 1293 3477 nostri

201 3561 205 3573 .
265 3515 479 3590 proprietatem
495 3533 584 3589 quam
600 3515 740 3588 habebat,
757 3515 793 3572 de
814 3515 899 3590 cujus
914 3516 1066 3590 presentia
1076 3515 1293 3574 Constantino-

265 3613 343 3688 polis
358 3612 464 3670 civitas
478 3627 550 3670 tuuc
573 3613 716 3687 pollebat.

300 3712 347 3768 nd
361 3723 422 3770 tam
437 3711 646 3770 inestimabilis
671 3711 714 3768 rei
736 3711 930 3769 collationem
952 3711 1009 3768 sibi
1028 3711 1136 3769 iactam
1152 3709 1293 3768 nimirum

266 3809 356 3868 solito
376 3809 524 3884 hylarior,
545 3809 630 3867 miles
658 3809 769 3869 Christi
790 3809 1011 3885 plenitudinem
1035 3807 1134 3866 leticie
1154 3825 1244 3882 quarn
1263 3808 1295 3864 in

266 3909 357 3966 corde
377 3907 484 3966 habuit
497 3908 595 3966 celare
610 3927 672 3966 non
687 3909 795 3984 potuit,
812 3909 865 3966 sed
880 3907 981 3966 debita
994 3907 1170 3982 persolvens
1184 3907 1294 3981 gratia-

302 4148 324 4183 1.
340 4132 406 4198 Reg.
424 4131 470 4192 lll,
490 4146 525 4192 vr,
545 4145 574 4181 12
590 4137 617 4182 et
629 4131 740 4198 passim.
857 4129 1036 4190 aaronita,
1058 4143 1096 4196 ¹9·

299 4237 324 4272 2.
342 4221 453 4272 Denter.
468 4235 503 4282 vr,
522 4236 562 4282 ro,
583 4235 647 4272 avec
662 4222 741 4287 quel·
853 4235 879 4284 4.
896 4220 953 4269 Fol.
974 4233 1020 4286 ¹72
1035 4227 1067 4279 τ’,
1079 4220 1131 4269 col.
1145 4218 1171 4270 b.

268 4327 337 4378 ques
351 4321 452 4362 termes
466 4307 596 4376 change's.
