3312 5060
625 482 668 526 LA
693 480 814 528 SAlNTE
838 479 948 525 LANCE
1237 479 1299 545 117
1373 473 1376 482 ¹

908 601 1298 615 -ffi

267 718 445 776 transfixam
468 716 500 774 in
514 717 608 775 latere
623 716 755 788 Christi;
779 715 938 792 episcopus
960 717 1183 791 Bethleemites,
1202 716 1300 774 ferens

267 816 300 873 in
312 815 415 892 pixide
430 815 477 874 lac
492 828 604 872 sanctae
620 815 725 873 Mariae
740 827 894 890 perpetuae
904 815 1049 890 Virginis.

361 942 521 1008 [Auselmus
535 939 678 991 Gemblac.
697 955 740 1006 ap.
757 941 843 1003 Pertz,
860 941 974 1007 Script.‚
989 941 1035 1004 Vl,
1051 957 1077 1007 p.
1091 941 1162 1010 379.]

755 1222 797 1278 13.

267 1376 371 1432 Lettre
393 1373 428 1430 de
447 1373 629 1444 Bohe‘mond,
644 1374 793 1432 Raimond
809 1374 846 1432 de
863 1375 1074 1448 Saint-Gilles,
1092 1379 1247 1457 Godesroy
1264 1377 1300 1434 de

301 1471 453 1543 Bouillon,
477 1472 589 1530 Robert
611 1471 647 1528 de
673 1473 871 1544 Normondie,
900 1473 1011 1531 Robert
1036 1475 1072 1532 de
1096 1471 1245 1532 Flondres
1270 1481 1300 1528 et

302 1569 453 1627 Eustaclre
467 1568 503 1628 de
518 1569 703 1648 Boulogneti
723 1568 836 1626 Urbain
851 1569 896 1627 II.

627 1719 702 1788 1098,
723 1735 750 1770 rr
771 1720 940 1786 septembre.

298 1889 432 1946 Domino
448 1903 565 1962 sancto,
582 1907 617 1947 ac
632 1888 797 1946 venerabili
809 1906 896 1964 papae
913 1891 1039 1947 Urbano
1056 1891 1254 1949 Boamundus
1270 1905 1299 1950 et

264 1987 454 2044 Raimundus
481 1986 584 2046 Sancti
607 1986 718 2061 AEgidii
750 2003 862 2058 comes,
886 1987 1070 2046 Godesridus
1094 1990 1155 2046 dux
1186 1988 1298 2046 Lotha·

264 2085 373 2142 riensis
392 2099 422 2143 et
437 2086 589 2144 Robertus
604 2102 705 2142 comes
722 2084 930 2156 Normanniae,
946 2087 1111 2144 Rotbertus
1131 2087 1297 2144 Flandren·

263 2181 342 2240 sium
361 2199 463 2238 comes
485 2196 513 2241 et
529 2182 711 2240 Eustachius
734 2181 872 2240 Boloniae
892 2201 1003 2252 comes,
1026 2184 1154 2242 salutem
1174 2199 1204 2242 et
1223 2185 1298 2243 iide-

262 2279 304 2336 lia
325 2278 458 2352 servitia,
478 2293 507 2338 et
527 2293 560 2336 ut
578 2279 643 2352 filii,
664 2297 720 2336 suo
740 2278 817 2353 patri
837 2279 986 2354 spirituali
1003 2299 1105 2339 veram
1123 2282 1154 2340 in
1174 2283 1297 2340 Christo

262 2378 493 2451 subjectionem.
516 2378 665 2435 Volumus
689 2363 795 2435 omnes
817 2391 846 2434 et
861 2377 1070 2437 desideramus
1088 2394 1194 2438 notum
1210 2379 1297 2438 vobis

262 2475 328 2533 lieri
348 2494 439 2551 quam
460 2494 568 2552 magna
592 2477 648 2534 Dei
668 2477 877 2536 misericordia
896 2497 1048 2554 quamque
1070 2477 1297 2537 evidentissimo

262 2572 358 2648 ipsius
384 2573 582 2631 amminiculo
606 2593 623 2631 a
656 2576 743 2633 nobis
768 2591 855 2652 capra
883 2591 929 2635 est
951 2577 1114 2636 Antiochia
1141 2589 1170 2635 et
1192 2576 1296 2647 Turci,

261 2671 314 2746 qui
330 2671 424 2730 multa
437 2671 569 2728 Domino
584 2685 689 2730 nostro
708 2675 722 2731 J
726 2692 779 2732 esu
795 2675 960 2734 intulerant
979 2675 1154 2751 opprobria,
1175 2674 1254 2750 capti
1267 2689 1297 2733 et

261 2767 412 2826 interlecti
431 2783 518 2840 sunt;
540 2781 569 2826 et
584 2787 640 2826 nos
657 2769 921 2846 iherosolymitani
936 2773 1007 2829 lesu
1024 2769 1136 2829 Christi
1155 2769 1296 2845 injuriam

260 2867 370 2924 summi
399 2867 456 2924 Dei
475 2867 704 2938 vindicavimus,
727 2880 756 2925 et
775 2886 842 2941 nos,
863 2869 914 2943 qui
928 2870 1047 2927 'lurcos
1061 2869 1145 2944 prius
1167 2869 1296 2926 obsede-

260 2983 374 3037 ramus,
391 2965 522 3040 qualiter
534 2977 640 3039 postea
651 2983 668 3022 a
679 2964 788 3022 Turcis
804 2967 840 3022 de
853 2967 1039 3038 Corrozana‚
1056 2980 1085 3026 et
1099 2965 1295 3036 iherusalem,

261 3075 289 3120 et
308 3064 469 3134 Damasco,
494 3062 659 3137 multisque
681 3063 748 3120 aliis
767 3063 856 3121 terris
875 3063 1078 3136 venientibus,
1100 3063 1217 3120 obsessi
1237 3062 1295 3120 fui-

260 3179 343 3234 mus;
371 3175 401 3219 et
424 3161 579 3235 quomodo
595 3161 667 3218 Jesu
689 3161 802 3220 Christi
819 3162 1027 3220 misericordia
1045 3161 1165 3220 liberati
1180 3178 1294 3218 sumus.

261 3259 364 3328 Quum
394 3257 485 3333 igitur
511 3271 598 3332 capta
625 3257 740 3330 Nicaea,
770 3258 855 3316 illam
883 3259 1044 3318 maximam
1070 3257 1295 3315 multitudinem

258 3358 441 3428 Turcorum,
467 3357 545 3415 sicut
564 3357 701 3429 audistis,
715 3357 746 3413 in
762 3358 907 3416 kalendas
927 3359 941 3416 J
947 3357 1000 3414 ulii
1015 3355 1105 3413 nobis
1127 3355 1249 3412 obviam
1263 3354 1294 3411 in

257 3456 336 3514 valle
352 3454 511 3513 Dorotillae
526 3455 752 3527 devicissemus,
772 3469 801 3513 et
815 3455 901 3512 illurn
912 3472 1055 3529 magnum
1071 3451 1293 3510 sullimannum

256 3553 489 3630 fugavissemus,
505 3553 628 3628 suisque
650 3553 792 3611 omuibus
808 3567 836 3612 et
850 3567 930 3612 terra
947 3565 976 3609 et
995 3552 1086 3608 rebus
1108 3548 1293 3622 expoliasse-

256 3671 334 3725 mus,
357 3651 508 3726 acquisita
529 3665 559 3709 et
578 3650 737 3726 pacificata
765 3665 830 3709 tota
854 3649 1012 3721 Romania,
1028 3649 1066 3704 ad
1094 3645 1292 3703 obsidendam

254 3749 451 3808 Antiochiam
464 3747 610 3806 venimus.
626 3749 721 3822 Cujus
736 3749 768 3806 in
782 3749 942 3807 obsidione
958 3747 1052 3805 multa
1069 3745 1147 3802 mala
1156 3744 1292 3819 perpessi

254 3867 371 3920 sumus,
384 3861 449 3907 tum
469 3847 506 3904 de
517 3845 605 3904 bellis
619 3845 816 3904 finitimorum
831 3849 1001 3904 Turcorum
1017 3857 1046 3900 et
1058 3861 1246 3918 paganorum
1261 3841 1292 3899 in

254 3964 311 4004 nos
334 3960 396 4005 tam
411 3946 586 4020 frequenter
604 3959 633 4003 et
652 3945 775 4020 copiose
795 3944 985 4014 irruentium,
1001 3955 1034 3998 ut
1053 3941 1153 4000 verius
1175 3941 1291 3999 dicere·

254 4062 323 4100 rnur
344 4041 463 4100 obsessi
484 4041 602 4098 abillis
627 4060 702 4116 quos
722 4041 761 4098 in¹
774 4039 935 4098 Antiochia
957 4041 1185 4098 obsederamus.
1207 4040 1290 4096 Tan-

255 4144 324 4200 dem
356 4139 507 4216 superatis
536 4139 677 4196 omnibus
706 4140 805 4209 bellis,
822 4157 858 4196 ex
881 4157 985 4198 eorum
1011 4156 1158 4213 prospero
1180 4149 1289 4194 eventu

254 4239 331 4298 fides
356 4238 530 4296 Christiana
559 4237 687 4295 exaltata
716 4249 760 4294 est
787 4237 845 4292 hoc
864 4237 967 4293 modo.
993 4238 1056 4310 Ego
1080 4235 1287 4303 Boamundus,
