3286 5086
410 397 477 468 262
595 415 705 464 uorns
726 415 768 463 nr
791 399 921 463 evunns
944 401 1251 473 sacedotoorouss

319 685 320 688 =
407 652 466 708 due
485 649 572 724 spine
587 649 618 706 in
638 649 726 707 theca
738 667 800 707 una
815 650 872 708 sub
886 649 1020 710 cristallo
1034 649 1240 726 spectabiliter
1258 663 1288 707 et
1303 651 1449 710 ordinate

407 745 564 822 disposite.
582 745 670 804 Hanc
686 763 817 820 yconam
829 746 997 820 predictam
1016 735 1141 804 domiue
1166 747 1306 822 Philippa
1329 747 1361 804 in
1374 765 1449 822 pre-

406 843 503 904 sentia
518 843 634 900 domini
649 843 786 918 episcopi
809 843 974 901 Castellsni
995 856 1024 902 et
1043 844 1207 902 multorum
1230 843 1383 902 nobilium
1410 847 1450 903 de

405 943 547 1003 Veneciis
569 945 698 1003 asseruit
718 945 858 1002 eumdem
877 945 1014 1002 nobilem
1037 945 1135 1002 virum
1159 963 1248 1004 suum
1268 946 1450 1004 rationabili

406 1044 498 1104 modo
528 1044 560 1100 in
584 1044 659 1102 urbe
686 1043 954 1118 Constantinopoli
979 1044 1121 1100 habuisse
1149 1061 1206 1118 pro
1230 1044 1448 1114 subventione,

407 1160 499 1216 quam
518 1153 655 1215 tempore
669 1140 858 1199 necessitatis
873 1141 1010 1199 exhibuit
1027 1141 1158 1215 Imperio
1175 1140 1343 1211 Romaniae,
1360 1153 1389 1198 et
1407 1143 1450 1198 ad

407 1240 559 1298 civitatem
573 1239 770 1310 Venetorum,
785 1240 823 1296 de
843 1239 926 1296 Urbe
942 1239 1017 1314 ipsa,
1033 1251 1141 1314 postea
1158 1240 1350 1298 transtulisse
1363 1253 1393 1296 et
1407 1240 1449 1297 de

407 1339 466 1396 hoc
490 1355 594 1396 coram
613 1338 757 1414 predictis
781 1338 873 1394 fidem
896 1337 966 1394 fecit
986 1337 1125 1412 ipseper
1148 1337 1265 1396 litteras
1287 1339 1450 1412 quondam

407 1436 524 1494 domini
549 1437 673 1494 Roberti
690 1438 709 1508 ¹,
726 1435 1057 1509 Constantinopolitani
1073 1437 1267 1509 Imperatoris
1281 1450 1311 1494 et
1326 1437 1450 1494 domini

409 1533 585 1592 Patriarche
601 1535 737 1608 ejusdem
752 1535 847 1605 urbis,
863 1547 892 1590 et
908 1533 1073 1590 multorum
1086 1533 1301 1608 episcoporum
1325 1546 1354 1591 et
1371 1535 1450 1592 reli·

407 1622 564 1698 giosorum
575 1641 644 1680 cum
653 1624 759 1698 sigillis
769 1623 831 1680 suis
843 1623 1009 1680 roboratas.
1020 1624 1053 1678 ln
1066 1622 1176 1696 quibus
1185 1622 1243 1697 ipsi
1258 1623 1296 1680 de
1307 1623 1450 1698 predicta

407 1740 506 1798 yconn
516 1734 546 1780 et
558 1723 641 1798 ligno
655 1723 762 1780 Crucis
774 1735 803 1779 et
816 1722 952 1796 reliquiis
966 1722 1120 1796 quomodo
1131 1721 1221 1778 fidele
1236 1721 1449 1779 testimonium

407 1821 610 1896 perhibebant
633 1832 662 1877 et
681 1820 763 1894 quod
782 1836 837 1893 per
852 1818 1000 1876 incuriam
1022 1831 1050 1875 et
1073 1817 1290 1892 negligentiam
1315 1817 1449 1877 fuissent

409 1917 539 1988 emissae,
552 1917 595 1974 sic
606 1929 635 1974 et
646 1933 716 1991 sepe
732 1915 813 1973 dicta
824 1915 948 1973 domina
958 1914 1075 1973 studuit
1089 1931 1241 1972 enarrare.
1257 1915 1324 1972 Hoc
1337 1915 1448 1974 videns

410 2029 439 2077 et
463 2016 589 2076 audiens
615 2015 770 2090 predictus
794 2015 956 2090 episcopus
971 2015 1174 2086 Castellanus,
1197 2032 1259 2072 una
1282 2033 1352 2071 cum
1375 2016 1448 2074 aliis

410 2113 567 2176 nobilibus
587 2129 618 2170 se
637 2112 818 2188 subscripsit
836 2124 865 2170 et
889 2113 1030 2188 sygillum
1055 2131 1144 2171 suum
1170 2110 1311 2188 apposuit
1337 2123 1366 2169 et
1386 2113 1448 2172 hoc

409 2212 645 2272 instrumentum
659 2223 705 2270 est
719 2211 751 2270 in
764 2211 914 2286 deposito,
926 2211 1010 2284 quod
1020 2211 1082 2270 vidi
1096 2223 1126 2270 et
1141 2211 1200 2286 legi
1215 2229 1285 2270 cum
1302 2211 1448 2286 predictis

411 2310 527 2386 sygillis
539 2331 564 2366 v.

451 2461 494 2524 Et
515 2462 545 2523 le
567 2461 649 2524 frere
667 2461 702 2524 P.
721 2459 1191 2540 Z[anebonusdeMonticulo
1207 2459 1369 2541 Maioris],
1390 2479 1447 2524 car

411 2569 488 2631 c’est
507 2566 712 2630 assurement
735 2565 783 2628 lui
798 2565 827 2628 le
848 2565 1017 2628 redacteur
1032 2567 1072 2628 de
1095 2581 1177 2628 cette
1191 2567 1370 2641 narration,
1387 2567 1447 2648 qui

413 2673 462 2734 lut
477 2670 593 2754 syndic
611 2670 651 2732 de
680 2670 909 2750 1344-1363‚e
935 2690 1073 2752 presque
1096 2671 1328 2734 litteralement
1351 2671 1448 2753 copie

413 2779 507 2842 l’acte
529 2777 569 2838 de
584 2775 855 2838 reconnaissance
880 2776 919 2838 de
943 2776 1064 2851 pierre,
1087 2777 1210 2859 eveque
1235 2779 1274 2840 de
1298 2777 1445 2856 Castelli,

415 2885 497 2946 dont
525 2900 610 2944 nous
635 2895 831 2942 retrouvons
859 2879 1063 2962 l'originali
1094 2883 1127 2946 la
1157 2881 1384 2964 bibliotheque
1406 2883 1446 2944 dc

414 2989 567 3062 Vicence‚
590 2987 672 3049 dens
688 3006 734 3048 un
748 2985 882 3048 volume
897 2986 1027 3050 intitule
1046 2989 1184 3073 Oggetti
1197 2989 1232 3051 di
1247 2989 1356 3062 Culto,
1373 3003 1398 3050 t.
1419 2988 1446 3060 Ι,

415 3111 452 3159 n0
469 3095 507 3158 56
525 3091 750 3156 dell'urchivio
766 3091 818 3155 dei
835 3093 932 3155 Padri
959 3093 1172 3156 Dominicani
1187 3093 1220 3155 di
1237 3093 1273 3157 S.
1302 3093 1446 3157 Corona.

417 3201 445 3266 ll
463 3221 484 3286 y
499 3221 517 3264 a
542 3199 725 3264 seulement
745 3199 854 3281 ajoute
866 3199 897 3262 la
913 3199 1113 3282 description
1134 3201 1179 3262 du
1195 3199 1369 3282 reliquaire
1385 3217 1448 3281 que

416 3309 562 3392 leveque
577 3302 697 3372 n'avait
712 3325 770 3390 pas
784 3305 908 3369 inseree
923 3307 1005 3368 dens
1018 3326 1052 3370 se
1067 3307 1178 3370 charte
1193 3307 1233 3369 de
1253 3307 1332 3388 1343
1346 3306 1368 3368 ¹.

267 3513 406 3560 munus
460 3486 513 3551 En
541 3505 634 3569 1249,
651 3483 841 3558 Guillaume
868 3483 924 3545 des
948 3481 1044 3556 Grez‚
1062 3481 1184 3565 e'veque
1212 3483 1252 3545 de
1278 3482 1449 3560 Beauvais‚

318 3587 384 3632 ¹²⁴⁰·
407 3573 559 3656 'donnait
579 3593 597 3654 ὲ
621 3609 656 3653 sa
678 3588 863 3653 cathedrale
891 3607 956 3651 une
976 3589 1068 3650 croix
1090 3591 1235 3672 d’ergent
1268 3589 1348 3652 dore
1370 3591 1452 3652 dans

421 3697 564 3782 laquelle
579 3696 698 3760 etaient
720 3695 763 3756 du
780 3693 852 3756 bois
868 3695 907 3756 de
928 3694 958 3756 la
979 3695 1079 3772 Croix
1102 3711 1131 3757 et
1157 3697 1213 3758 des
1231 3695 1344 3778 epines
1358 3697 1398 3757 de
1420 3695 1452 3757 la

421 3807 603 3876 Couronne
618 3804 662 3865 du
676 3801 834 3865 Sauveur.

456 4007 478 4043 t.
517 3989 684 4042 nouenae
732 3957 892 4046 eourterat,
978 3987 1167 4053 praesancede
1186 3985 1452 4044 destrueretis,

427 4077 587 4131 reat-1228.
979 4077 1186 4132 bibliothecairc
1197 4077 1230 4130 dc
1244 4077 1371 4130 Vicencc.

453 4180 483 4218 2:
499 4167 667 4218 Documents
686 4161 766 4216 dusa
784 4162 896 4214 incom-
