3290 5066
396 471 461 538 382
587 492 695 539 uorns
715 491 758 538 nt·
777 478 908 538 nruuns
928 477 1234 550 incutiunonmuns

461 743 507 780 22.
525 726 568 780 De
585 739 687 782 sancta
701 726 797 782 Maria
813 726 1002 800 Magdalene.

460 821 506 877 23.
523 822 567 878 De
583 836 687 879 sancto
702 821 818 878 Simon.

460 936 506 989 24.
525 920 568 974 De
584 931 689 974 sancto
711 919 836 974 Lazar0.

457 1017 502 1071 25.
522 1016 566 1070 De
582 1027 688 1070 sancto
707 1014 826 1087 Egidi0.

459 1113 504 1167 26.
522 1113 566 1168 De
583 1125 687 1168 sancto
705 1111 854 1168 Dionisi0.

456 1227 503 1282 27.
521 1209 564 1264 De
585 1221 689 1264 sancta
703 1209 829 1280 Agatha.

457 1306 502 1362 28.
520 1306 563 1360 De
580 1318 684 1362 sancto
702 1303 878 1362 Vincencio.

456 1419 502 1476 29.
520 1403 563 1458 De
580 1415 685 1468 sancto
704 1401 787 1458 Luca
802 1399 1008 1474 Evangelista.

456 1498 501 1554 30.
519 1498 563 1554 De
578 1511 685 1555 sancto
701 1498 857 1554 Teodoro.

427 1656 489 1717 Par
504 1670 629 1728 contre,
646 1655 669 1718 ii
685 1671 733 1718 est
747 1655 881 1718 difficile
897 1657 951 1737 d’y
966 1656 1025 1717 lire
1041 1656 1260 1738 l'inscription
1271 1656 1422 1739 gendrale

384 1761 441 1844 qui
455 1775 549 1823 court
558 1761 669 1823 suries
686 1761 821 1823 biseaux
836 1763 880 1823 du
892 1764 987 1824 cedre
1003 1777 1034 1824 et
1045 1783 1078 1824 se
1089 1765 1168 1845 perd
1184 1764 1266 1826 dans
1282 1763 1420 1828 l'ombre

383 1869 428 1929 du
453 1866 535 1928 biais
557 1867 596 1927 de
622 1886 675 1928 ces
701 1867 845 1930 biseaux.
877 1869 963 1930 Mais
988 1871 1083 1950 grice
1107 1872 1124 1932 ὲ
1146 1868 1361 1951 t’obligeance
1378 1870 1419 1929 de

384 1976 432 2036 M.
454 1974 665 2050 Chalandon,
683 1973 734 2052 j'ai
751 1993 795 2054 pu
813 1993 852 2035 en
868 1973 960 2036 avoir
975 1995 1020 2036 un
1032 1991 1220 2056 estampage
1235 1975 1317 2036 dont
1331 1973 1417 2036 voici

382 2080 413 2142 la
428 2081 564 2142 lecture.

453 2259 467 2288 «
484 2238 527 2293 De
541 2238 639 2293 Cruce
653 2237 704 2311 qui
720 2255 839 2310 queres,
856 2237 941 2311 teget
959 2239 1033 2294 lude
1044 2237 1193 2311 presbiter
1209 2237 1296 2294 heres

453 2334 568 2408 Clepsit
578 2351 655 2404 eam,
668 2352 774 2390 navem
788 2335 947 2391 scandens.
963 2336 1137 2408 Auramque
1149 2351 1271 2391 suavem

454 2431 531 2486 Dum
548 2431 649 2504 peciit,
667 2431 759 2504 pestis
776 2431 876 2488 nautis
892 2431 974 2488 venit
987 2431 1077 2488 obvia
1093 2431 1205 2487 mestis.

453 2527 536 2584 Rosit
553 2541 582 2600 at
596 2528 647 2583 iile
663 2545 768 2584 manus
784 2527 933 2600 proprias,
950 2528 1020 2600 quia
1036 2541 1136 2586 mente
1152 2545 1290 2584 vesanus.

451 2623 550 2690 Quem
565 2624 621 2682 fuit
636 2626 725 2683 affata
741 2627 784 2683 sic
798 2628 921 2683 tandem
936 2627 1030 2701 Virgo
1047 2629 1135 2684 beata
1152 2645 1158 2682 :

453 2721 529 2776 «Tu
546 2720 606 2777 cito
623 2740 714 2778 sanus
729 2723 798 2790 eris,
816 2725 928 2780 furtum
941 2725 965 2780 si
980 2726 1105 2781 reddere
1122 2724 1233 2797 queris.
1252 2745 1263 2775 n

435 2889 437 2894 Α
453 2815 608 2872 Fratribus
624 2817 682 2874 hoc
694 2819 783 2877 solvit
792 2821 923 2894 Templi,
941 2822 1136 2893 moriensque
1153 2819 1280 2875 revolvit

449 2911 535 2967 Talia
552 2931 558 2967 :
575 2935 587 2964 r
604 2915 683 2970 Dum
698 2917 791 2990 spir0,
808 2907 927 2974 current
948 2917 1023 2975 freta
1034 2917 1156 2974 turbine
1169 2916 1258 2986 miro,

450 3007 484 3061 In
500 3026 608 3083 meque
627 3013 717 3084 jacto,
730 3015 868 3070 mitescet
884 3032 920 3070 eo
934 3033 1015 3071 mare
1030 3027 1133 3088 pacto,
1154 3035 1166 3066 n

451 3104 551 3176 Hunc,
563 3121 595 3164 ut
611 3109 750 3180 decessit,
765 3111 889 3182 jaciunt,
905 3112 1059 3186 pestisque
1075 3111 1210 3168 recessit.

450 3199 656 3260 Brundusium
672 3206 724 3264 leti
739 3209 881 3280 veniunt;
898 3209 1015 3266 rediere
1031 3208 1124 3281 quieti

449 3295 526 3352 Cum
546 3299 654 3372 Cruce,
669 3321 724 3375 que
741 3305 819 3360 bella
830 3307 924 3374 sedet,
941 3306 996 3362 hac
1010 3319 1152 3362 contenta
1166 3303 1291 3363 tabella,
1309 3323 1322 3354 u

415 3423 446 3487 ᾖ
477 3421 567 3478 Facta
592 3437 637 3479 est
663 3425 717 3480 hec
748 3429 851 3483 tabula
878 3446 958 3484 anno
986 3431 1023 3484 ab
1049 3427 1265 3484 incarnacione
1291 3425 1413 3481 Domini

380 3517 566 3588 MCCXiliI,
584 3539 686 3578 mense
698 3523 850 3598 februarij.
867 3547 879 3578 u

420 3665 446 3726 11
466 3665 559 3748 s'agit
573 3669 661 3732 donc
676 3672 754 3734 d'un
769 3679 873 3754 preire
889 3673 947 3756 qui
970 3675 1076 3736 avoid
1099 3694 1163 3736 une
1184 3673 1308 3754 relique
1326 3671 1365 3732 de
1382 3671 1413 3732 la

377 3769 464 3832 vraie
481 3773 584 3836 Croix
598 3791 628 3837 et
652 3777 725 3839 s'est
747 3781 924 3866 embarque
949 3800 1026 3842 avec
1042 3799 1102 3842 son
1119 3779 1233 3840 larcin.
1252 3780 1298 3840 La
1322 3793 1412 3858 peste

377 3895 411 3936 se
424 3877 550 3942 declare
566 3882 583 3942 d
600 3882 681 3944 bord
697 3898 727 3944 et
743 3883 766 3944 ii
782 3905 821 3946 en
836 3903 883 3948 est
898 3887 1013 3949 atteint
1028 3899 1227 3966 gravement.
1246 3883 1291 3945 La
1307 3882 1411 3944 sainte

377 3982 493 4066 Vierge
511 3987 557 4048 lui
579 3991 726 4070 apparuit
752 4007 782 4052 et
808 3991 855 4052 lui
874 4009 1000 4072 promet
1023 3991 1063 4052 de
1085 3990 1114 4051 le
1130 3989 1239 4070 gudrir
1256 3987 1305 4048 s'il
1330 3987 1409 4047 rend

377 4088 487 4170 i'objet
508 4093 591 4154 vole.
617 4096 643 4156 ll
668 4116 702 4156 se
727 4112 879 4158 contente
904 4098 975 4158 d'en
1000 4115 1109 4157 verser
1136 4095 1164 4155 le
1196 4091 1320 4174 prix(?)
1348 4111 1409 4152 aux

377 4193 574 4276 Templiers,
600 4214 630 4260 et
653 4201 778 4264 bientdt
795 4203 941 4284 agonise.
971 4204 1021 4264 En
1048 4214 1200 4263 mourant
1220 4198 1243 4259 il
1259 4198 1409 4258 ordounc
