3312 5060
568 474 610 519 Ln
635 472 757 520 sn1NTE
782 471 892 518 LANCE
1188 474 1252 543 129

214 709 405 766 tractandam
421 705 561 764 manibus
581 705 710 764 obtulit!
728 707 866 775 Quantas
887 723 979 782 super
995 707 1042 765 his
1058 699 1254 785 Redemptori

130 883 133 887 Ι
216 821 321 865 nostro
336 805 448 880 gratias
464 805 639 876 debeamus,
655 821 712 862 nec
729 803 880 862 humanus
900 805 1019 863 animus
1034 805 1186 883 opinatur,
1198 827 1255 870 nec

215 906 319 980 lingua
343 907 486 982 praevalet
511 923 661 962 enarrare.
686 905 834 963 Videmus
864 907 944 963 enim
973 907 1155 966 Christianae
1183 911 1255 972 fidei

216 1006 330 1078 hostes,
342 1005 508 1063 Christiani
524 1004 629 1080 populi
646 1021 855 1080 oppressores,
870 1023 924 1080 per
939 1006 1073 1064 divinam
1089 1008 1258 1068 misericor-

216 1101 298 1160 diam
324 1119 417 1160 manu
440 1115 540 1160 vestra
560 1102 669 1177 partim
690 1103 850 1175 contritos,
863 1103 974 1178 partim
994 1123 1010 1163 e
1031 1106 1084 1164 diu
1105 1109 1256 1183 possessis

216 1199 393 1276 regionibus
417 1199 581 1276 effugat0s;
603 1200 742 1258 videmus
766 1200 954 1259 Orientalem
982 1203 1162 1277 Ecclesiam,
1186 1220 1257 1284 post

216 1297 307 1371 longa
332 1296 514 1372 captivitatis
542 1311 690 1370 tempora,
719 1313 827 1372 magna
859 1314 896 1354 ex
921 1310 1006 1372 parte
1036 1299 1075 1356 ad
1099 1300 1256 1376 antiquam

219 1395 369 1453 libertatis
390 1395 518 1470 gloriam
542 1395 680 1453 rediisse.
704 1395 875 1452 Dicendum
895 1395 987 1470 igitur
1008 1413 1070 1466 ore,
1091 1395 1256 1456 dicendum

219 1494 312 1551 eorde
328 1512 335 1552 :
353 1515 366 1546 r
383 1493 488 1551 Gloria
502 1493 534 1550 in
549 1493 706 1551 altissimis
720 1494 785 1550 Deo
806 1506 835 1550 et
857 1493 889 1551 in
911 1507 991 1552 terra
1007 1512 1065 1568 pax
1080 1495 1258 1556 hominibus

221 1591 311 1648 bonae
331 1590 497 1648 voluntatis
514 1593 600 1665 (Luc.
618 1592 668 1665 ΙΙ).
686 1591 857 1648 »Orationi
879 1591 969 1648 etiam
989 1605 1019 1648 et
1037 1592 1149 1667 vigiliis
1165 1593 1257 1653 insis-

219 1689 356 1762 tendum,
378 1702 412 1746 ut
438 1690 520 1763 quod
543 1689 636 1764 coepit
657 1689 833 1764 adimpleat,
849 1702 879 1747 et
903 1707 1010 1748 manus
1032 1703 1157 1764 vestras,
1182 1709 1258 1765 quas

219 1787 353 1844 hostium
370 1804 495 1844 suorum
510 1785 656 1862 sanguine
672 1787 872 1859 consecravit,
884 1786 1094 1846 immaculatas
1108 1805 1205 1864 usque
1220 1790 1258 1847 ad

221 1885 324 1957 linem,
340 1885 499 1942 affluentes
514 1884 600 1941 firma
612 1885 725 1961 pietate
741 1885 903 1943 custodiat.

257 1986 450 2059 Quapropter
465 1981 554 2058 agite,
571 1983 625 2040 lilii
642 1983 672 2040 in
688 1983 811 2042 Christo
831 1983 1093 2057 desideratissimi,
1110 2003 1258 2044 rememo-

221 2081 329 2141 ramini
349 2095 463 2156 quanta
484 2099 541 2156 pro
566 2099 669 2140 amore
692 2083 816 2140 Domini
841 2084 1040 2158 reliqueritis,
1065 2099 1178 2161 quanta
1203 2104 1259 2160 pro

222 2181 348 2238 fratrum
374 2181 471 2239 salute
495 2193 525 2239 et
550 2179 706 2256 ereptione
734 2181 871 2255 pericula
900 2183 1055 2242 subieritis
1083 2203 1090 2240 ε
1119 2183 1258 2260 patriam,

220 2280 340 2352 domos,
351 2293 491 2354 parentes
506 2278 735 2355 posthabuistis,
749 2281 952 2356 vosmetipsos
967 2283 1074 2340 exsilio
1089 2281 1259 2353 addixistis,

222 2379 312 2436 morti
329 2380 532 2455 opposuistis;
553 2393 656 2437 curate
676 2396 757 2436 nunc
779 2380 818 2435 ad
837 2379 965 2437 meliora
985 2397 1105 2455 semper
1122 2379 1258 2449 tendere,

221 2495 327 2551 pacem
355 2497 424 2535 cum
453 2477 597 2534 omnibus
622 2490 810 2548 conservate,
837 2489 871 2534 ut
898 2477 1022 2552 possitis
1049 2478 1087 2534 ad
1116 2489 1260 2536 aeternam

221 2591 328 2647 pacem
345 2575 468 2632 Domini
484 2575 694 2632 misericordia
708 2575 877 2648 pervenire.
894 2575 1030 2632 Plurima
1045 2575 1131 2633 vobis
1147 2575 1261 2651 signill-

223 2691 291 2731 care
306 2692 360 2748 per
375 2674 509 2730 chartam
530 2687 559 2730 et
581 2686 782 2730 atramentum
800 2673 1044 2746 supersedemus,
1061 2672 1206 2746 quoniam
1225 2689 1263 2728 ex

224 2771 402 2844 apostolicae
429 2771 509 2828 sedis
537 2770 654 2844 gremio
684 2770 897 2828 charissimum
927 2771 1050 2828 fratrem
1084 2769 1262 2826 Mauritium

226 2869 424 2927 Portuensem
446 2870 624 2945 episcopum
644 2869 842 2940 destinamus,
863 2883 896 2926 ut
919 2869 972 2944 qui
998 2887 1052 2944 per
1074 2868 1155 2924 beati
1181 2867 1263 2925 Petri

224 2967 383 3038 vicarium,
405 2979 518 3024 sanctae
539 2967 570 3025 in
591 2967 714 3025 Christo
737 2969 893 3025 memoriae
913 2968 1169 3043 praedecessorem
1189 2983 1263 3023 nos-

223 3078 304 3122 trum
319 3066 490 3135 Urbanum,
506 3065 582 3122 tanti
607 3065 886 3140 peregrinationem
905 3065 1023 3122 itineris
1043 3063 1263 3138 assumpsistis,

225 3163 305 3220 beati
323 3163 405 3221 Petri
423 3162 541 3220 solatiis
557 3182 677 3238 semper
689 3163 865 3236 abundetis;
882 3177 912 3220 et
927 3181 1018 3237 quem
1033 3163 1264 3220 fundamentum

225 3263 300 3320 tanti
316 3264 417 3338 operis
432 3262 594 3334 habuistis,
617 3263 716 3337 ipsum
735 3279 858 3336 quoque
873 3261 911 3317 ad
931 3260 1023 3317 finem
1044 3272 1135 3334 caput
1150 3260 1181 3316 in
1205 3260 1265 3317 fide

226 3371 255 3416 et
281 3359 457 3417 obedientia
485 3363 627 3422 teneatis.
658 3361 748 3420 Vices
782 3363 875 3419 etiam
903 3375 1023 3419 nostras
1052 3361 1152 3418 eidem
1181 3361 1265 3419 fratri

229 3455 373 3514 Mauritio
389 3470 418 3514 et
438 3457 583 3532 episcopo
596 3457 817 3529 commisimus,
834 3471 867 3515 ut
882 3476 952 3515 eum
968 3459 999 3515 in
1019 3460 1164 3516 omnibus
1180 3477 1265 3517 reve·

227 3567 331 3612 renter
346 3553 494 3629 excipere,
509 3555 624 3626 audire,
637 3569 665 3613 et
675 3572 729 3629 per
745 3555 844 3630 ipsum
865 3555 965 3626 nobis,
981 3555 1043 3612 imo
1060 3558 1149 3614 beato
1162 3557 1265 3626 Petro,

229 3651 359 3726 obsequi
383 3651 531 3709 debeatis.
555 3651 611 3708 Cui
638 3652 782 3710 nimirum
811 3653 841 3710 in
866 3653 1027 3728 praeceptis
1054 3653 1206 3724 dedimus,
1232 3665 1267 3710 ut

231 3749 387 3820 Ecclesiae,
404 3767 495 3823 quam
518 3767 572 3822 per
593 3768 648 3806 vos
668 3750 816 3808 Dominus
838 3751 989 3820 liberavit,
1010 3751 1062 3808 sed
1084 3749 1267 3806 liberaturus

230 3859 285 3917 est,
299 3846 484 3904 ordinationi
499 3846 659 3922 vigilanter
673 3849 829 3907 immineat
842 3870 850 3923 ;
865 3867 934 3924 quae
950 3849 974 3906 si
991 3849 1091 3904 minus
1111 3846 1268 3904 canonicis

231 3943 342 4018 regulis
362 3957 431 4019 apta
456 3945 611 4018 repererit,
634 3947 785 4022 corrigat3
812 3960 841 4004 et
866 3947 898 4004 in
924 3946 1051 4018 eisdem,
1068 3965 1138 4004 cum
1165 3957 1267 4002 vestro

232 4043 346 4100 auxilio
374 4043 540 4118 plantanda
561 4044 687 4118 plantet,
725 4045 906 4102 aedificanda
935 4043 1075 4102 aedificet.
1102 4045 1268 4100 Hortamur

233 4140 343 4217 itaque,
361 4142 579 4217 hortantesque
605 4143 812 4218 praecipimus,
831 4156 865 4200 ut
885 4142 924 4213 ei,
941 4155 1087 4217 tanquam
1106 4157 1269 4216 personam

234 4255 367 4299 nostram
382 4240 566 4315 praelerenti,
580 4241 611 4298 in
627 4241 771 4299 omnibus
785 4239 910 4298 obedire
925 4239 1050 4297 curetis.
1066 4237 1270 4310 Omnipotens

1139 4375 1153 4420 9
