3290 5066
378 353 447 440 364
574 377 683 425 uoras
707 377 749 424 ur
773 362 902 424 arunas
925 361 1233 433 incudoroorouss

1218 493 1420 510 Ἄ

415 611 555 693 L'eglise
569 612 627 673 des
639 610 827 675 Cordeliers
841 611 1064 693 (aujourd’hui
1081 611 1230 694 detruite)
1244 613 1419 693 possddait

375 735 439 779 une
466 716 561 798 epine
589 719 628 778 de
663 716 694 778 la
722 717 904 780 Couronne
934 716 990 798 qui
1019 717 1066 778 lui
1089 717 1174 779 avait
1204 717 1253 780 etd
1278 719 1415 781 donnee

374 824 404 886 le
417 843 456 886 22
472 824 608 888 octobre
628 823 720 904 1396,
739 842 795 904 par
812 823 917 886 Henri
934 825 973 885 de
990 824 1163 905 Bretagne,
1175 823 1226 886 fils
1242 825 1282 887 de
1299 826 1410 888 Henri

373 932 413 992 de
432 931 537 1010 Blois,
555 932 619 992 duc
639 930 678 989 de
695 928 866 1010 Breragne‚
891 929 974 991 ainsi
990 949 1054 1010 que
1076 929 1145 992 cela
1166 929 1285 992 resulte
1306 930 1345 991 de
1376 931 1409 992 la

372 1037 465 1099 lettre
480 1035 694 1116 authentique
710 1037 904 1098 decouverre
920 1055 976 1117 par
997 1036 1043 1098 M.
1061 1036 1102 1098 de
1122 1036 1226 1120 Farcy
1250 1037 1331 1098 dans
1356 1035 1407 1097 les

372 1149 569 1212 manuscrits
584 1149 623 1209 de
639 1146 670 1208 la
686 1143 918 1224 Bibliotheque
931 1143 1091 1223 d’Angers
1103 1141 1123 1204 ¹.

413 1255 573 1336 L'abbaye
605 1254 645 1314 de
680 1250 889 1331 saint-Serge
916 1265 947 1311 et
971 1245 1209 1311 saint-Bacche
1237 1247 1406 1329 posse'dait

370 1359 457 1422 aussi
474 1361 555 1422 trois
572 1359 695 1440 epines.
796 1406 798 1414 .

405 1544 573 1617 «Insignes
593 1543 682 1614 hujus
702 1541 807 1616 templi
834 1539 970 1613 reliquiar
991 1551 1072 1608 sunt,
1095 1536 1234 1610 inprimis
1254 1535 1406 1610 particula

368 1640 475 1696 Crucis
491 1639 671 1710 Dominicae,
685 1655 754 1696 eum
769 1637 866 1694 tribus
882 1636 1037 1710 spinarum
1054 1635 1168 1692 Christi
1189 1636 1317 1691 Corouae
1328 1651 1405 1690 aeu-

367 1737 422 1795 leis
442 1750 471 1794 et
494 1755 562 1794 curn
590 1737 719 1792 frustulo
743 1735 912 1804 Columnae,
930 1733 991 1802 cui,
1013 1734 1085 1789 dum
1104 1732 1316 1806 flagellaretur,
1334 1730 1404 1787 Sal·

367 1846 454 1892 vator
468 1833 608 1907 alligatus
621 1845 676 1889 est.
692 1854 704 1886 n

407 2009 501 2071 Nous
528 2011 664 2070 n'avons
688 2029 744 2070 sur
768 2027 821 2069 ces
842 2007 955 2089 e'pines
976 2025 1084 2069 aucun
1100 2005 1363 2087 renseignenrent
1388 2021 1397 2066 ε

367 2112 448 2176 rnais
475 2113 498 2174 il
519 2114 673 2176 convient
696 2115 735 2174 de
759 2113 906 2196 rappeler
923 2113 1106 2204 rependant
1127 2111 1223 2193 qu'en
1245 2095 1335 2188 11'52,
1353 2111 1400 2172 du

365 2235 470 2301 temps
494 2220 534 2280 de
557 2219 661 2281 l'abbe'
677 2219 878 2282 Guillelmus
893 2217 1072 2281 Amaurius
1094 2219 1122 2297 (r
1135 2219 1218 2298 168),
1239 2218 1399 2298 l'Abbaye

365 2341 456 2404 reeut
470 2325 633 2402 d'Orient,
647 2326 686 2386 de
702 2325 884 2406 precieuses
900 2324 1042 2405 reliques
1056 2324 1077 2386 ².

406 2430 583 2510 Signalons
595 2430 682 2491 enfin
699 2431 730 2492 la
746 2430 870 2512 relique
887 2430 1100 2502 saint-Laud,
1117 2432 1246 2492 donnee
1262 2451 1301 2492 en
1318 2432 1393 2494 1801

353 2537 423 2615 'par
438 2535 467 2596 le
481 2535 627 2596 cardinal
643 2535 745 2617 Spina
760 2538 841 2597 dont
858 2555 943 2597 nous
965 2555 1067 2597 avons
1091 2556 1132 2597 eu
1155 2536 1332 2598 l'occasion
1359 2537 1399 2597 de

365 2639 501 2720 parlera
516 2659 639 2721 propos
655 2643 711 2702 des
726 2641 866 2723 reliques
880 2643 919 2702 de
936 2641 1045 2704 Genes
1059 2641 1111 2714 ’,ὲ
1127 2641 1233 2703 l'abbe'
1251 2639 1397 2720 Bernier‚

363 2747 440 2806 cure
466 2746 505 2806 de
539 2745 748 2819 Saint·Laud‚
777 2747 851 2828 plus
888 2747 957 2809 tard
983 2750 1106 2829 eveque
1128 2747 1314 2819 d'Orleans‚
1340 2745 1398 2827 qui

363 2849 449 2912 avait
463 2855 511 2912 ete
527 2851 610 2912 niele
622 2870 698 2913 avec
710 2852 739 2913 le
757 2851 913 2914 Cardinal
928 2871 992 2914 aur
1007 2851 1233 2934 negociations
1249 2853 1293 2914 du
1308 2852 1397 2915 Con-

363 2957 477 3018 cordut
491 2957 801 3038 (Renseignements
824 2959 863 3019 de
887 2958 935 3019 M.
952 2959 991 3019 de
1011 2958 1134 3040 Farcy).

267 3171 350 3216 nour
405 3157 635 3241 Lacolle'giale
660 3159 699 3220 de
724 3158 923 3222 Salat-Ours
949 3161 1087 3240 possede
1111 3160 1216 3242 parmi
1248 3179 1298 3223 ses
1319 3159 1396 3222 reli-

271 3254 311 3286 ¹”'
325 3257 346 3288 ⁸·
363 3263 494 3345 quaires
507 3265 592 3326 celui
605 3266 703 3328 d‘une
719 3263 825 3347 epioe,
843 3265 925 3326 dont
939 3265 971 3326 la
986 3265 1080 3354 visite
1094 3267 1257 3348 pastorale
1268 3267 1307 3328 de
1320 3266 1396 3347 Mgr

361 3369 537 3446 Vercellin,
557 3389 597 3432 en
616 3371 680 3434 mai
702 3373 794 3450 1654,
820 3390 904 3433 nous
920 3391 938 3434 a
953 3371 1110 3433 conserve
1132 3371 1163 3434 la
1179 3371 1392 3454 description.

397 3565 412 3595 (ι
433 3546 470 3601 Et
490 3545 589 3618 primo
604 3547 736 3604 visitavit
750 3563 871 3604 crucem
890 3559 1065 3620 argenteam
1086 3559 1225 3604 ornatam
1242 3547 1396 3622 lapidibus

359 3639 514 3712 pretiosis,
531 3641 561 3698 in
577 3661 636 3716 qua
661 3643 718 3702 luit
732 3655 851 3718 reperta
868 3662 929 3701 una
942 3661 978 3700 ex
994 3643 1090 3718 spinis
1107 3644 1318 3702 sacratissimae
1333 3645 1397 3702 Co-

393 3861 414 3895 r.
438 3846 488 3896 Ms.
501 3843 563 3912 871,
578 3845 695 3899 f·13.-
711 3851 739 3899 P.
755 3849 774 3915 j.
787 3847 833 3901 68.
919 3848 1154 3912 dard-Paulina,
1168 3849 1238 3900 dans
1263 3847 1329 3900 Rev.
1347 3849 1396 3900 des

389 3947 413 3982 ι.
438 3933 616 3986 Fournereau
642 3937 746 4004 (Dum),
766 3939 836 3990 His·
917 3936 1292 4006 Socie'te'ssavantes,187o,
1315 3947 1334 3988 t.
1360 3937 1393 3997 11,

357 4019 427 4071 taire
442 4021 544 4073 inddite
558 4021 591 4073 de
609 4022 790 4093 Saint-Serge
808 4033 835 4078 et
916 4037 964 4088 pp.
980 4021 1040 4089 375,
1058 4023 1118 4091 378,
1135 4025 1195 4078 383.
1256 4057 1259 4065 Δ

354 4107 569 4170 Salui-Bacche,
588 4109 699 4174 publiee
715 4127 764 4177 par
778 4113 832 4164 Go-
951 4109 974 4162 3.
990 4113 1036 4164 cf.
1056 4116 1118 4182 plus
1133 4115 1211 4177 haut,
1223 4132 1250 4182 p.
1266 4130 1326 4186 279,
1341 4130 1371 4168 u.
