3312 5060
572 417 614 462 ι,.ι
640 417 894 464 saturaturus
1189 402 1251 470 135

918 539 1253 553 --.-..-.-.....,..,,

209 665 330 728 reperta
343 652 373 708 in
390 669 461 708 arca
476 668 644 708 marmorea
659 665 689 708 et
703 652 813 709 vexillo
828 653 962 727 praefixa,
977 655 1135 712 innumera
1153 657 1252 714 ethni-

208 770 316 811 corum
332 752 370 809 ad
385 749 624 808 internecionem
639 751 803 823 prostravit
817 751 925 810 millia.

307 873 463 942 [Theoiridi
485 873 698 938 Epternacensis
712 873 810 924 Floret
827 874 959 941 epitaphii
967 883 1133 942 sanctorum,
1148 877 1197 932 lib.
1207 877 1252 942 IV,

274 979 297 1017 c.
311 981 351 1028 ιιι,
370 980 413 1031 ap.
424 963 533 1015 Patrol.
544 963 602 1026 lat„
616 972 635 1014 t.
651 961 756 1028 CLVll,
768 979 795 1029 p.
812 963 889 1032 394]

708 1158 754 1214 26.

697 1327 770 1381 14²0

246 1438 461 1514 Sigismundus
469 1437 550 1495 enim
559 1439 727 1512 Imperator
737 1447 766 1493 et
778 1435 934 1493 Bohemiae
946 1452 1007 1505 rex,
1017 1453 1068 1494 eas
1079 1439 1251 1497 securitatis

210 1538 307 1614 gratia
319 1537 552 1610 Normbergam,
570 1536 685 1593 Urbem
695 1548 767 1593 tunc
781 1534 948 1592 Catholicae
965 1535 1131 1614 Religionis
1145 1537 1250 1594 obser-

210 1637 433 1707 vantissimam,
452 1652 533 1692 anno
560 1651 633 1706 1420
654 1631 817 1704 transtulit,
843 1645 871 1689 et
892 1634 1031 1706 pecuniis
1057 1637 1088 1694 in
1111 1651 1250 1712 sumptus

210 1737 382 1811 belli‚quod
401 1745 508 1790 contra
524 1730 678 1788 Bohemos
692 1732 818 1804 parabat
841 1732 1251 1810 egens‚Normbergensibus
1298 1737 1302 1743 '

207 1855 264 1913 pro
282 1837 318 1894 50
331 1835 519 1891 florenorum
531 1829 676 1900 millibus,
691 1847 771 1886 anno
787 1831 925 1904 sequenti
942 1831 1164 1907 oppignoravit.

305 1960 429 2026 [Pessina
439 1958 472 2008 de
487 1955 646 2008 Czechorod
661 1955 772 2020 (T.-J.)‚
781 1955 956 2023 Phosphorus
966 1957 1137 2024 septicorais,
1147 1957 1250 2025 Pragoe,

272 2047 484 2110 Dobroslaviua,
502 2044 578 2113 1673,
595 2045 673 2110 in-4·,
689 2061 715 2110 p.
728 2045 807 2110 405.]

703 2265 753 2339 ¹27.

207 2397 216 2471 ζ
262 2396 351 2454 Bulle
364 2397 399 2454 de
413 2369 530 2454 Martia
549 2395 752 2454 Vautorr'scmt
767 2396 796 2452 la
809 2395 986 2454 translation
1002 2395 1053 2454 des
1066 2397 1196 2475 insigues

357 2495 393 2552 de
408 2495 541 2570 l’empire
554 2494 589 2554 de
603 2492 762 2552 Roae‘mee
778 2495 981 2572 Nuremberg.
996 2527 1032 2538 -
1047 2506 1142 2562 1424.

242 2623 290 2680 Ad
303 2633 482 2696 perpetuam
497 2619 540 2676 rei
555 2619 743 2678 memoriam.
753 2621 1020 2690 Quemadmodum
1030 2621 1147 2698 magnis
1157 2621 1250 2680 debe-

207 2741 275 2780 mus
289 2719 444 2790 laudibus,
461 2717 639 2792 magnisque
655 2720 870 2776 commendare
885 2719 1059 2795 praeconiis,
1073 2737 1108 2777 ea
1123 2738 1250 2796 magno-

208 2841 275 2878 rum
298 2815 473 2894 principum
496 2827 568 2872 vota
588 2833 656 2889 quae
675 2814 707 2871 in
728 2815 822 2873 divini
842 2816 975 2873 nominis
996 2834 1131 2873 amorem
1151 2817 1250 2876 ferun·

205 2933 266 2990 tur,
289 2929 318 2975 et
343 2932 436 2990 opere
464 2913 661 2987 postmodum
690 2926 835 2987 sequente
858 2927 974 2972 certum
999 2915 1193 2974 deducuntur
1218 2917 1250 2974 in

206 3031 319 3088 actum,
335 3015 377 3073 ita
398 3029 520 3088 quoque
537 3029 637 3086 operae
662 3012 791 3086 pretium
807 3025 853 3071 est
871 3014 1027 3088 praeclaris
1052 3027 1143 3089 atque
1168 3015 1250 3072 salu-

204 3118 323 3176 taribus
338 3113 462 3172 illorum
477 3111 649 3170 devotionis
669 3125 698 3170 et
717 3113 787 3170 fidei
803 3114 947 3188 gratulari
963 3114 1120 3189 operibus,
1137 3114 1249 3188 quibus

204 3213 377 3292 praesertim
389 3211 446 3270 Dei
462 3211 617 3269 letificare
633 3213 755 3270 student
769 3213 945 3284 Ecclesiam,
958 3227 987 3272 et
1001 3214 1090 3272 saluti
1104 3214 1250 3288 tranquil·

203 3313 345 3387 litatique
360 3310 556 3368 subditorum
571 3309 630 3367 sibi
649 3310 843 3369 laudabiliter
857 3311 1032 3387 prospicere
1051 3317 1248 3389 populorum.

206 3413 252 3469 Ex
267 3411 378 3469 devota
399 3408 552 3483 siquidem
575 3407 746 3465 charissimi
762 3409 793 3466 in
810 3410 932 3467 Christo
957 3410 1012 3466 lilii
1033 3413 1130 3470 nostri
1154 3415 1250 3490 Sigis-

203 3507 311 3566 mundi
332 3507 541 3563 Romanorum
561 3517 591 3563 et
615 3505 757 3582 Ungariae
777 3506 857 3580 regis
881 3507 1007 3564 illustris
1030 3508 1249 3584 insinuatione,

204 3605 295 3664 nobis
310 3623 408 3680 nuper
422 3603 565 3676 innotuit,
581 3605 748 3678 quodcum
772 3622 880 3680 magna
901 3623 971 3679 pars
987 3606 1115 3664 vivificae
1130 3610 1247 3680 Crucis,

203 3705 236 3762 in
251 3721 311 3779 qua
335 3705 477 3766 Salvator
498 3719 601 3764 noster
624 3707 708 3763 lesus
730 3705 879 3779 Christus,
904 3725 960 3781 pro
984 3707 1103 3782 generis
1125 3708 1250 3766 humani

204 3809 302 3868 salute
324 3805 458 3883 pendere
486 3803 594 3875 voluit,
611 3804 730 3862 Lancea
754 3822 877 3880 quoque
897 3824 957 3879 qua
981 3805 1060 3864 latus
1081 3807 1147 3880 ejus
1164 3806 1250 3864 miles

205 3905 335 3983 aperuit,
353 3903 464 3958 Clavus
486 3919 577 3974 unus,
600 3920 661 3977 quo
682 3919 789 3958 manus
807 3902 902 3977 ipsius
927 3902 1026 3961 eidem
1051 3905 1141 3961 Cruci
1162 3903 1250 3962 affixa

206 4005 315 4077 extitit,
328 4000 478 4079 particula
495 3999 655 4075 Praesepis,
668 3999 699 4057 in
712 4018 773 4074 quo
790 4000 930 4059 Salvator
942 3998 1007 4076 ipse
1018 4015 1118 4074 natus,
1132 4002 1249 4077 positus

203 4091 313 4175 suerat,
331 4099 495 4158 Brachium
510 4109 623 4156 sanctae
637 4099 732 4154 Annae
749 4109 778 4156 et
795 4097 953 4171 particulae
971 4100 1112 4174 quaedam
1127 4113 1249 4158 catena-

207 4221 272 4260 rum
289 4213 465 4260 sanctorum
484 4197 565 4254 Petri
591 4209 620 4254 et
637 4197 735 4268 Pauli,
752 4211 842 4272 atque
864 4199 992 4257 Joannis
1016 4201 1247 4276 Apostolorum,
