3312 5060
378 439 443 524 134
563 458 672 505 nores
697 458 739 504 rr
763 444 893 504 brunus
918 443 1223 514 nneunorocrouas

374 693 489 769 posteri
508 696 584 770 ejus,
600 707 748 768 perpetuo
769 695 832 768 jure
852 693 1035 751 obtinerent.
1055 693 1182 769 Signum
1201 693 1333 751 Baldrici
1349 695 1414 769 epi-

375 790 471 864 scopi.
489 794 520 850 S.
543 791 697 849 Lamberti
717 791 880 848 archidiac.
905 791 936 846 S.
959 791 1108 847 Desiderii
1121 792 1187 849 dec.
1206 792 1236 848 S.
1254 791 1413 866 Bertulphi

375 911 470 969 praep.
490 893 521 950 S.
538 890 682 948 Conradi.
706 903 763 948 etc.
783 889 894 946 Actum
915 888 1023 964 Brugis
1042 906 1122 946 anno
1139 890 1181 946 M.
1198 890 1289 960 C.V.,
1306 891 1412 948 indict.

376 992 460 1062 XIII,
482 1000 627 1065 regnante
645 1005 714 1063 rege
731 986 885 1062 Philippo,
904 985 1099 1060 episcopante
1115 985 1240 1043 domino
1258 987 1411 1058 Baldrico,

377 1090 511 1147 Roberto
525 1087 644 1164 juniore
659 1085 849 1161 principante
865 1103 935 1142 cum
948 1103 1043 1142 uxore
1059 1103 1113 1142 sua
1126 1085 1305 1143 Clementia.

471 1203 575 1271 [Gallia
590 1202 760 1266 Christiana,
774 1211 793 1254 t.
806 1202 839 1264 V,
850 1201 1043 1264 Instrumenta,
1062 1217 1088 1268 p.
1104 1198 1174 1266 3554

889 1371 935 1428 23.

461 1529 562 1598 Quum
579 1544 650 1584 vero
667 1526 775 1582 Petrus
790 1535 887 1580 morte
902 1536 1115 1598 perurgeretur
1130 1524 1211 1598 apud
1224 1523 1414 1582 obsidIonem

376 1626 544 1696 Archados,
560 1623 718 1683 advocavit
731 1621 883 1692 comitem,
899 1635 928 1678 et
943 1621 1017 1679 dixit
1033 1621 1060 1678 ei
1076 1640 1083 1677 r
1104 1644 1116 1674 r
1135 1623 1236 1692 Quum
1250 1621 1370 1680 veneris
1385 1622 1417 1678 in

379 1745 392 1776 r
409 1722 605 1793 lherusalem,
625 1721 672 1778 fac
687 1733 720 1776 ut
738 1719 888 1776 exercitus
903 1720 1036 1793 postulet
1051 1720 1150 1776 Deum
1166 1719 1308 1794 quatinus
1324 1720 1416 1778 vitam

379 1843 392 1874 r
408 1831 491 1876 tuam
508 1819 669 1894 prolonget
689 1829 716 1874 et
732 1816 900 1888 continuet,
917 1830 946 1874 et
962 1819 1044 1874 Deus
1059 1817 1255 1892 prolongabit
1270 1835 1337 1874 earn
1351 1831 1418 1875 tan-

380 1940 392 1972 a
409 1917 546 1974 tumdem
568 1929 716 1990 quantum
734 1914 845 1972 vixisti
861 1914 909 1971 Tu
922 1907 1040 1988 autem,
1056 1934 1151 1991 quum
1165 1933 1301 1973 reversus
1314 1916 1417 1988 fueris,

380 2037 392 2068 r
409 2031 504 2089 prope
524 2013 658 2088 qulnque
675 2012 779 2087 leugas
795 2011 955 2070 ecclesiam
970 2013 1066 2070 sancti
1085 2013 1246 2089 Trophimi
1267 2014 1419 2070 Lanceam

381 2135 393 2166 a
412 2111 534 2170 Domini
555 2128 661 2186 pones,
679 2122 708 2168 et
723 2108 884 2168 ecclesiam
907 2109 950 2166 ibi
975 2109 1118 2166 fabricari
1132 2108 1240 2182 facies3
1257 2123 1287 2167 et
1310 2109 1362 2166 liet
1376 2109 1419 2166 ibi

381 2233 393 2265 a
411 2223 543 2282 moneta,
560 2225 652 2284 quam
665 2221 698 2265 tu
713 2209 827 2284 jurabis
843 2227 880 2267 ne
898 2209 1058 2282 Ialsafia13
1077 2209 1130 2266 sed
1147 2226 1245 2283 neque
1261 2207 1344 2265 aliud
1364 2207 1419 2264 ali-

382 2333 394 2363 r
411 2309 485 2385 quid
508 2308 618 2366 falsum
639 2307 682 2364 ibi
698 2307 763 2364 lieri
778 2307 946 2381 permittes.
961 2306 1131 2372 Vocabitur
1155 2306 1205 2364 ille
1222 2307 1308 2364 locus
1328 2307 1419 2363 Mons

382 2428 394 2460 r
411 2406 537 2480 Gaudii;
548 2419 578 2464 et
590 2406 665 2464 lient
675 2405 741 2462 haec
751 2404 829 2462 iufra
839 2404 1042 2462 Provinciam.
1058 2405 1178 2462 Etenim
1192 2405 1298 2462 beatus
1311 2407 1420 2462 Petrus

382 2527 394 2558 a
410 2504 579 2580 Trophimo
593 2503 743 2579 discipulo
763 2521 819 2562 suo
834 2501 972 2578 promisit
988 2503 1070 2578 quod
1088 2504 1239 2560 Lanceam
1256 2503 1378 2560 Domini
1393 2503 1420 2560 ei

383 2625 395 2656 tt
413 2617 554 2662 mitteret.
573 2625 586 2658 t>

474 2719 636 2784 [Ralmundi
652 2720 685 2770 de
697 2719 826 2785 Aguilers
843 2719 951 2770 Hr'stor.
968 2719 1081 2778 Franc,
1093 2733 1119 2783 p.
1137 2718 1208 2783 264]

883 2922 929 2975 24.

372 3079 375 3086 '
420 3077 534 3152 Regum
547 3077 733 3133 Francorum
744 3094 823 3133 unus
835 3094 928 3150 quum
938 3075 1090 3142 somnium
1101 3075 1293 3149 somniasset,
1301 3093 1424 3151 aperue-

385 3187 454 3232 runt
477 3173 509 3231 in
528 3173 655 3231 ecclesia
678 3173 802 3231 Kosinae
824 3174 936 3246 locum,
952 3192 1013 3248 quo
1034 3175 1136 3252 clavos
1160 3175 1224 3248 ejus
1244 3175 1354 3246 crucis,
1375 3175 1424 3232 cui

385 3271 535 3329 DomInus
552 3285 654 3329 noster
667 3269 773 3328 affixus
788 3286 862 3343 erat,
878 3271 1060 3328 Invenerunt
1076 3291 1083 3327 :
1100 3289 1115 3328 e
1131 3271 1242 3344 quibus
1262 3285 1424 3346 postquam

385 3370 515 3426 Crucem
539 3381 568 3425 et
595 3369 723 3425 Lanceae
746 3367 902 3442 cuspidem
933 3369 1146 3442 procuderant,
1169 3384 1274 3426 contra
1307 3370 1426 3426 Turcos

385 3465 508 3542 egressi,
530 3465 690 3540 adjuvante
708 3467 783 3538 Deo,
799 3465 957 3523 victoriam
972 3479 1165 3541 reportarunt
1178 3481 1207 3524 et
1221 3479 1332 3524 terram
1348 3467 1427 3524 occi·

386 3562 427 3620 sis
443 3562 644 3638 repleverunt.

480 3689 616 3756 [Gregorii
642 3689 855 3756 Abulpharagii,
879 3694 936 3744 sive
963 3693 1015 3744 Bar
1031 3693 1140 3745 Hebraei
1155 3693 1309 3746 Chronicort
1323 3695 1427 3763 Syria-

449 3778 568 3840 cum,ed.
585 3777 705 3830 Jacobus
721 3779 1203 3852 Bruns,Lipsiae,Bohemius‚1789,
1219 3783 1298 3850 in-4·,
1309 3800 1335 3851 p.
1353 3784 1426 3850 287.]

879 3977 927 4036 25.
973 3969 976 3976 ’

426 4127 499 4182 lloec
524 4125 599 4182 tanti
629 4126 718 4200 pretii
744 4125 857 4184 framea
883 4127 1021 4201 [lancea],
1049 4147 1130 4186 anno
1159 4132 1307 4206 progeniti
1336 4135 1429 4191 Verbi

390 4225 550 4282 millesImo
575 4225 773 4301 nonagesimo
788 4239 905 4297 octavo,
928 4227 1031 4286 divina
1054 4231 1238 4290 revelatione
1257 4231 1428 4291 Antiochiae
