3312 5060
568 397 676 482 nonus
700 433 741 480 ut
765 419 895 481 brunus
918 422 1225 514 rsncnsotoorouns

893 679 911 734 8

822 803 975 876 Hymnus.

703 923 753 993 [Ex
764 924 900 976 breviario
910 927 1088 993 Trevitensi.l

699 1040 856 1115 Principes
872 1055 901 1100 et
915 1043 1020 1116 populi

664 1130 882 1196 Convenerunt
895 1151 1009 1196 temere

664 1235 798 1294 Gentiles
813 1235 962 1292 increduli
1046 1261 1050 1268 ·

664 1331 821 1390 Christum
835 1333 1020 1390 crucifixere.

699 1485 787 1540 iesus
801 1493 905 1540 nostra
921 1499 989 1556 spes
1004 1482 1105 1540 suavis

665 1580 772 1640 Matris
788 1580 825 1636 nb
840 1578 985 1635 uberibus

666 1680 720 1736 Est
734 1694 790 1751 pro
805 1677 895 1735 nobis
909 1675 1009 1732 fossus
1024 1675 1118 1734 clavis

666 1777 778 1835 Palmis
791 1789 881 1850 atque
896 1774 1035 1854 podibus.

710 1927 867 1984 Exaltatus
881 1926 979 1984 crucis
995 1925 1078 1998 ligno

671 2029 750 2084 Dum
765 2023 906 2081 Christus
921 2023 1074 2094 occubuit,

671 2125 850 2191 Lanceatus,
865 2138 882 2176 n
898 2119 1030 2193 maligno

670 2220 766 2278 Hoste
782 2236 838 2274 nos
853 2216 971 2292 eripuit.
988 2249 1023 2258 —
1037 2217 1144 2274 Amen.

461 2347 625 2414 balinghem
638 2344 732 2410 (Anu),
742 2343 898 2394 Parnassus
910 2341 1067 2402 Marianus,
1081 2341 1178 2402 Duaci,
1191 2341 1325 2401 Bellerus,
1344 2339 1420 2402 1524,

481 2437 568 2495 in-12‚
599 2450 625 2500 p.
645 2431 705 2498 578.
731 2462 761 2473 -
784 2433 933 2485 chevalier
948 2433 996 2496 (Le
1024 2432 1146 2496 Ch·U.),
1172 2431 1283 2497 Repert.
1314 2431 1416 2498 irsoum,

481 2519 638 2584 n⁰15483.]

897 2635 915 2688 9

832 2741 988 2814 Hymnus.

744 2863 783 2913 De
799 2863 893 2914 Clavis
907 2875 933 2914 et
946 2866 1065 2918 Lancea.

533 2977 672 3034 Paschali
688 2979 782 3050 jubilo
797 2991 908 3035 sonent
922 2980 1086 3050 praeconia,

531 3076 692 3130 Armorum
707 3073 830 3130 Domini
845 3091 899 3147 per
914 3093 982 3148 quae
999 3075 1125 3132 victoria

534 3169 623 3226 Venit
638 3171 844 3242 Christicolis;
861 3171 967 3230 sintin
983 3173 1129 3230 memoria

605 3268 686 3323 Crux
701 3281 730 3324 et
745 3269 830 3326 Clavi
847 3283 877 3326 et
893 3270 1022 3326 Lances.

535 3417 615 3475 Crux
634 3418 715 3491 apud
729 3417 841 3476 inferos
857 3417 965 3492 spoliat
981 3431 1102 3488 tartara,

537 3514 657 3572 Lances
672 3515 788 3590 superis
804 3515 910 3572 tribuit
924 3516 1059 3588 praemia,

537 3611 621 3668 Clavi
637 3611 815 3669 consociant
829 3611 934 3682 coelos,
951 3623 980 3668 et
996 3611 1099 3668 infima

607 3707 725 3763 Fletum
741 3717 858 3762 mutant
873 3705 988 3763 laetitis.

538 3833 649 3912 Clavus
664 3854 736 3910 dum
752 3853 853 3927 figitur
867 3853 899 3910 in
916 3855 970 3910 Dei
986 3856 1136 3928 manibus,

538 3949 577 4008 Et
591 3949 664 4006 dum
678 3950 864 4025 demergitur
877 3950 909 4007 in
924 3951 1016 4008 sacris
1031 3953 1172 4027 pedibus,

541 4047 636 4103 Hasta
649 4047 720 4104 durn
734 4047 848 4104 fodient
862 4046 949 4114 latus,
968 4050 1144 4108 horninibus

606 4143 711 4202 Manat
725 4143 828 4220 gratiae
844 4143 963 4204 fluvius.
